4909 5425
878 396 1614 481 nesicianonoitnonsncmisn.
1828 424 1900 502 413
2032 402 2035 407 '

494 548 506 607 ,-
572 520 717 597 Patrem
728 520 1044 621 haneprovinciam
1058 519 1270 593 demandasse
1284 520 1415 594 Christo
1432 518 1640 606 Mediatori,
1662 541 1702 595 ut
1719 522 1902 621 postquam

494 656 502 703 ι
570 618 734 719 seipsum
753 620 944 710 obtulerat,
960 622 1065 694 ctiam
1078 615 1217 693 offerret
1234 645 1301 718 pro
1317 621 1382 694 suis
1397 646 1532 717 preces,
1548 647 1631 717 quas
1651 622 1766 709 Pater,
1785 623 1899 699 exsuo

494 756 511 805 ι·
601 717 746 795 maetas
767 720 953 809 mandato,
980 746 1054 793 non
1073 718 1183 818 posset
1196 745 1271 791 non
1294 718 1418 792 habere
1439 718 1664 820 gratissimas?
1691 725 1742 794 An
1759 722 1896 795 reseren-
2040 790 2046 803 ,

494 832 508 919 ξ
570 744 665 895 dum
679 819 724 892 est
747 818 790 891 ad
815 822 910 895 varia
931 818 1091 896 Ecclefiae
1107 817 1192 906 sata,
1221 818 1347 917 quibus
1360 819 1648 918 occasioprecum
1665 820 1899 922 suppeditatur

494 950 526 1007 r.
569 919 729 997 Cbristo:
747 918 926 995 utsuffitus
937 923 968 994 ei
987 918 1058 994 dari
1070 919 1247 1005 dicantur,
1270 919 1410 1016 quando
1430 916 1630 1006 suffituum,
1655 918 1724 993 five
1751 949 1896 1021 precum

494 1058 515 1107 εκ
568 1018 899 1108 intercess'oriatum,
915 1046 975 1119 per
1004 1020 1130 1093 multas
1152 1017 1312 1092 Ecclesiae
1336 1021 1568 1110 calamitates,
1596 1018 1694 1093 datur
1720 1021 1896 1107 occasio?
2005 1073 2012 1088 ,

494 1160 501 1209 ι
528 1112 531 1117 ’
565 1122 654 1210 An,
675 1118 921 1217 quodmalim,
943 1119 1142 1220 simpliciter
1162 1117 1324 1192 alluditur
1343 1118 1386 1191 ad
1406 1145 1543 1191 morem
1571 1120 1742 1216 priscum,
1767 1120 1829 1195 ubi
1852 1149 1896 1197 ex
2038 1208 2041 1215 ¹

494 1260 497 1305 ;
565 1217 677 1295 masse
690 1217 871 1293 suffituum
886 1247 952 1318 pro
966 1223 1100 1318 integro
1114 1243 1206 1290 anno
1242 1240 1490 1316 raeparatorum
1505 1271 1516 1306 ,
1535 1219 1701 1292 sacerdoti
1713 1222 1892 1296 incensum

494 1314 512 1407 ι’
562 1320 729 1408 faeno,
744 1308 843 1393 'certa
855 1318 1011 1392 mensura
1019 1315 1182 1404 dabatur,
1201 1244 1272 1390 sive
1286 1318 1477 1391 aPraesedto
1492 1321 1632 1416 Templi
1648 1371 1659 1407 ,
1684 1319 1754 1396 sive
1768 1350 1786 1395 a
1802 1349 1893 1420 quo·
2024 1371 2026 1374 -

495 1464 501 1469 ·
559 1421 625 1497 'via
635 1420 727 1509 alio,
743 1421 800 1493 cui
814 1419 871 1493 ista
883 1416 1111 1493 incumbebat
1119 1416 1228 1499 cura?
1255 1419 1382 1490 Saltem
1402 1415 1533 1491 suffitus
1552 1421 1588 1493 hi
1609 1426 1749 1512 daretur,
1767 1422 1889 1514 idest,

560 1540 687 1619 retego
700 1518 866 1612 arbitror,
883 1518 1076 1605 adduntur,
1093 1517 1287 1590 orationibus
1296 1520 1477 1608 firnsstrum
1494 1527 1653 1611 omnium,
1674 1543 1742 1596 tam
1762 1536 1905 1595 eorum'

560 1621 630 1719 qui
652 1621 689 1691 in
707 1618 822 1708 coelo,
844 1647 947 1718 quam
966 1621 1027 1718 qui
1052 1622 1242 1691 etiamnum
1263 1619 1299 1690 in
1319 1640 1403 1691 terra
1421 1621 1516 1707 sunt,
1536 1647 1692 1718 quorum
1714 1625 1889 1697 orationes

559 1742 717 1793 omnem
743 1716 838 1792 suam
863 1718 1104 1820 fragrantiam,
1153 1720 1295 1806 ratiam,
1317 1720 1416 1806 vim,
1439 1718 1482 1790 ab
1504 1720 1741 1794 intercessione
1768 1724 1887 1795 Christi

514 1862 517 1867 ·
555 1818 704 1895 habent.
740 1819 813 1893 Has
833 1820 980 1893 Christus
996 1817 1076 1892 adse
1089 1745 1237 1907 debeas,
1256 1817 1386 1917 suisque
1398 1820 1551 1912 junctas,
1572 1822 1661 1895 Patri
1677 1818 1798 1909 offert,
1814 1819 1888 1895 effi·

556 1920 684 2017 citque
700 1938 741 1992 ut
750 1942 901 2017 acceptae
916 1917 979 2017 ipsi
996 1917 1071 1993 sint.
1120 1919 1228 2014 Cujus
1237 1920 1284 1989 rei
1300 1918 1505 2011 symbolum
1524 1921 1568 1994 est
1578 1919 1690 2014 furnus
1697 1923 1886 2014 fiiffituum,

557 2024 609 2097 ὁ·
620 2021 1002 2111 oratiarumsaneiorum
1017 2047 1059 2094 ex
1065 2021 1290 2114 manuAngeli
1303 2019 1489 2112 adscendens
1504 2048 1605 2096 coram
1619 2030 1703 2099 Deo.
1742 2025 1889 2096 Interim

547 2118 852 2217 selentiumfiadlum
869 2124 954 2215 estin
976 2122 1049 2194 celo
1059 2140 1121 2217 per
1130 2122 1335 2211 semihoram,
1351 2122 1523 2216 &Anger
1534 2143 1790 2214 preparaverunt
1798 2126 1834 2216 se
1851 2144 1888 2197 ut

553 2220 751 2319 clangerent.
803 2222 886 2296 Hoc
912 2245 1055 2319 quoque
1088 2245 1130 2291 ex
1162 2220 1277 2317 prisco
1301 2221 1382 2298 ritu.
1434 2221 1532 2294 Plebs
1557 2225 1651 2295 enim
1665 2276 1678 2313 ,
1703 2226 1887 2325 longiusa

494 2402 497 2411 ¹
585 2322 699 2394 ortieu
718 2320 879 2395 recedens
892 2324 1003 2394 altum
1019 2318 1192 2393 filentium
1214 2319 1382 2420 agitabat,
1399 2323 1558 2417 quamvis
1579 2321 1758 2396 fundendis
1779 2325 1888 2423 preci-

550 2346 626 2497 bus
639 2439 831 2519 occupata,
851 2421 964 2495 donec
977 2418 1131 2493 sacerdos
1148 2418 1191 2493 ad
1202 2419 1392 2493 aramsacra
1402 2420 1588 2521 peregisset.
1639 2425 1886 2524 Clangentibut

494 2566 501 2579 ·
549 2520 698 2595 iuterim
709 2521 851 2598 Levitis.
901 2521 957 2594 sic
980 2519 1112 2592 Christo
1156 2546 1197 2592 ro
1215 2520 1281 2592 suis
1295 2520 1516 2617 deprecante,
1535 2522 1681 2623 Ecpsefia
1690 2526 1725 2596 in
1737 2550 1885 2625 magno-

549 2644 640 2695 rum
653 2645 803 2720 operum
817 2619 1068 2719 exspedtatione
1079 2545 1251 2718 suspensa,
1269 2618 1481 2720 praestolatur
1496 2648 1579 2694 cum
1597 2623 1654 2723 spe
1669 2627 1700 2697 dr
1719 2625 1884 2724 patientia

548 2717 1096 2822 Diviniconfiiiipatesaclionem
1105 2749 1116 2804 3
1131 2718 1245 2794 donec
1255 2720 1420 2794 tubarum
1430 2720 1546 2795 sonitu
1555 2726 1650 2796 Deus
1660 2723 1789 2798 indicet
1797 2722 1882 2823 quid

546 2813 768 2996 fiaurXuscfis.
796 2919 997 3000 Interceffio
1008 2918 1359 2995 Chrissinonestnuda
1374 2942 1442 3015 pro
1456 2919 1557 2992 nobis
1567 2918 1783 3018 deprecatio,
1800 2943 1874 2992 non
1887 2891 2054 3046 {rib-iosu-

542 3015 719 3096 absimilis
733 3022 764 3093 ei
774 3044 880 3118 quam
898 3018 1015 3095 fideles
1030 3020 1090 3094 srbi
1106 3021 1260 3092 invicem
1278 3018 1417 3092 debent.
1467 3018 1532 3092 Sed
1548 3020 1592 3092 est
1610 3018 1759 3120 gloriosa
1783 3020 1874 3091 iilius
1889 3035 1995 3129 anst,
2003 3053 2065 3131 pp,

543 3117 872 3196 tansivoluntatis
879 3147 946 3218 qua
955 3118 1204 3194 sanctificamur
1211 3118 1484 3216 repraesentatio,
1502 3121 1582 3193 nixa
1590 3120 1752 3222 dignitate
1760 3119 1926 3219 perso-aa
1937 3130 2065 3194 odore·

499 3289 511 3296 .
541 3243 609 3296 π
614 3267 630 3308 ,
644 3215 798 3294 efficacia
807 3217 995 3293 oblationis
1008 3249 1019 3302 3
1035 3218 1379 3315 virtutejustitiaepro
1388 3218 1490 3291 nobis
1499 3220 1769 3308 consummatae,
1784 3226 1815 3294 dr
1828 3219 1878 3293 sa·
1888 3220 1962 3277 ’Μ’
1973 3212 2021 3294 ss·
2084 3235 2092 3244 “

542 3315 965 3419 etosoederequojusipsr
975 3339 1111 3418 partum
1122 3317 1187 3405 est,
1206 3343 1281 3390 non
1295 3317 1408 3388 modo
1421 3321 1561 3420 gratiam
1572 3322 1798 3420 aliquampro
1812 3348 1876 3393 no-

540 3417 754 3507 biaorandi,
773 3419 829 3492 sed
839 3420 1022 3516 &poscendi
1031 3442 1141 3517 genter
1156 3426 1187 3492 in
1201 3422 1418 3493 hereditatem
1429 3421 1521 3512 fitam
1530 3448 1542 3500 3
1558 3419 1606 3492 Ps.
1622 3449 1676 3496 rr.
1690 3433 1722 3506 8.
1733 3422 1877 3520 poscen-

537 3517 605 3610 di,
632 3518 799 3618 inquam,
816 3523 866 3592 u'ti
889 3520 1043 3594 debitam
1061 3521 1262 3605 mercedem,
1283 3525 1324 3593 cr
1340 3527 1602 3617 operaepretium.
1641 3522 1822 3617 Jesxnrx.
1836 3546 1874 3618 4.
1934 3579 1947 3586 -

538 3615 651 3696 Unde
660 3641 745 3692 cum
753 3621 954 3694 auctoritate
962 3621 1192 3719 aliqua,‘'quae
1200 3621 1319 3694 ceteris
1328 3621 1494 3693 omnibns
1502 3642 1627 3718 praeter
1635 3620 1764 3696 Filium
1778 3624 1844 3721 Dei
1858 3673 1873 3710 ,
1908 3642 1911 3648 ’

537 3719 661 3794 &nm
672 3718 859 3818 praestantis
868 3723 958 3819 padi
976 3718 1198 3818 sponsorem,
1214 3718 1378 3792 indecora
1399 3719 1504 3798 soret.
1526 3718 1638 3808 dicit,
1658 3721 1744 3817 joh.
1762 3746 1872 3798 xvrl.

538 3853 608 3926 24.
619 3835 825 3930 Pattr,qtros
838 3833 950 3920 dedisti·
965 3835 1061 3917 misti,
1074 3822 1162 3903 θέλω
1173 3876 1185 3915 ‚
1196 3840 1316 3913 vebat
1337 3841 1465 3937 abisam
1473 3868 1535 3938 ego,
1550 3850 1593 3920 ῤ’
1604 3842 1725 3937 isifiat
1736 3868 1870 3926 mecum.

536 3923 670 4028 Bisque
677 3927 765 4002 adeo
780 3929 1055 4006 haecinterceffio
1069 3954 1174 4007 tantae
1186 3932 1380 4036 dignitatis,
1394 3944 1624 4032 aucloritatis,
1641 3963 1743 4041 atque
1758 3940 1874 4017 effica-

536 4031 638 4117 ἀπ,
664 4049 705 4103 ut
725 4055 800 4103 non
820 4034 931 4133 magis
952 4036 990 4107 in
1014 4035 1121 4107 alium
1149 4036 1326 4111 transcribi
1348 4066 1480 4140 queat,
1507 4070 1612 4140 quam
1625 4045 1695 4143 ipsa
1711 4062 1874 4141 peccato.

523 4149 628 4216 ,nm
645 4129 825 4230 expiatio,
845 4134 903 4206 cui
928 4134 1112 4221 innititur,
1134 4135 1167 4205 dt
1194 4160 1345 4233 quacum
1366 4145 1549 4222 individuo
1570 4146 1742 4218 comitatu
1757 4144 1875 4243 jungi.

494 4271 503 4282 ·
534 4267 613 4326 tur.
657 4250 787 4347 1.Joh.
805 4275 861 4328 rr.
882 4273 913 4330 r.
924 4275 960 4332 2.
999 4249 1163 4326 Etenim
1178 4277 1270 4350 opus
1283 4235 1676 4355 eeavdpno'nadquod
1689 4255 1872 4330 concurrit

507 4373 618 4430 ’nn
635 4347 755 4427 solum
768 4349 932 4428 voluntat
962 4349 1114 4426 bumana
1138 4352 1291 4526 cisii’
1316 4377 1378 4451 per
1408 4356 1749 4456 repraesentationem
1786 4355 1873 4449 juria

1082 4500 1087 4511 .
1265 4474 1285 4546 3
1752 4461 1867 4555 'qm
