4909 5425
1019 488 1104 563 Dr
1166 488 1446 565 Ecsrucr,
1855 509 1893 563 ιι

539 607 611 715 esse
634 603 893 686 confeffionem
910 610 1126 696 cavernosae
1178 610 1273 705 Quae
1294 609 1416 684 evitari
1442 606 1558 709 potest
1575 605 1747 687 bifariam.
1799 608 1893 688 Ver·

538 711 590 789 bn
618 713 734 808 euim
755 708 943 792 dicuntur,
971 707 1126 809 respetlu
1143 709 1219 805 ejus
1245 708 1308 808 qui
1328 707 1522 784 audiverat.
1572 706 1613 787 Ei
1635 712 1732 786 enim
1753 711 1817 810 qui
1833 711 1893 788 lo·

541 810 745 986 Ruebatur,
772 819 872 883 erant
894 809 1020 908 utique
1042 805 1125 903 ῥητά.
1175 805 1259 921 Sed·
1274 808 1337 906 qui
1362 804 1542 882 audiverat
1566 809 1595 881 is
1620 807 1682 882 fibi
1715 831 1753 884 ea
1779 810 1892 905 ἆρῥιτα

541 902 1630 1120 liistultissimaniinutilissimusll
1650 906 1892 1104 {lisuniis

539 1102 718 1208 plicandrs
735 1103 915 1179 humanus
930 1102 1045 1179 sermo
1067 1098 1225 1180 sufficiat.
1273 1026 1407 1179 Aine:
1434 1131 1501 1200 qua
1520 1104 1638 1178 bomini
1656 1105 1742 1204 loqui
1764 1132 1825 1179 non
1846 1108 1890 1182 li.

539 1224 616 1295 cet,
640 1201 773 1280 scilicet
795 1200 957 1278 familiari
975 1200 1139 1278 sermone
1157 1202 1251 1277 inter
1270 1200 1440 1276 homines
1464 1203 1502 1276 in
1525 1203 1626 1277 terris
1651 1224 1888 1281 commoran-

539 1317 624 1398 tes;
648 1303 782 1404 partim
801 1322 847 1376 ne
868 1299 917 1375 sui
939 1298 1111 1375 sermonis
1134 1298 1335 1376 humilitate
1359 1310 1465 1374 tantae
1484 1320 1605 1375 rerum
1628 1300 1797 1399 majestati
1822 1301 1888 1378 de·

538 1403 678 1518 tranat,
704 1401 837 1500 partim
855 1397 955 1499 quod
980 1421 1021 1474 ea
1039 1399 1146 1475 verba
1168 1400 1205 1476 in
1233 1395 1396 1478 Paradlso
1424 1396 1504 1474 solo
1532 1398 1645 1476 audiri
1668 1403 1885 1488 conveniat,

542 1524 608 1604 qm
635 1495 1417 1713 135qffienzeggrevetrerffigeguggrgneuffgurossitror
1433 1591 1616 1675 Clariffinri
1640 1601 1756 1691 Cocceio·
1773 1596 1883 1678 inter·
1897 1620 1965 1689 ΧΗ,
1979 1591 2076 1691 Mas

572 1711 783 1775 retatronem
806 1718 816 1770 :
842 1716 914 1794 qua
942 1714 1020 1770 non
1044 1692 1161 1771 modo
1186 1717 1308 1771 omms
1332 1698 1538 1782 venenosae
1561 1692 1692 1794 species
1722 1695 1880 1783 tollitur,
1896 1708 2058 1785 inaquam

542 1723 655 1879 fed&
675 1816 807 1895 magna
827 1792 983 1869 sermoni
1001 1792 1214 1890 Apoiiolico
1234 1790 1408 1894 emphafis
1424 1793 1575 1870 additur.
1625 1794 1657 1872 le
1670 1805 1772 1894 putat
1788 1793 1930 1872 hancu
1940 1783 2018 1876 ”3³4⁰

511 1893 1321 2096 -aaraturcarnalitur
1342 1895 1444 2067 lta
1467 1861 2052 2094 tifrranfnurlss
2089 1899 2093 1909 ·

539 2098 608 2186 tis,
633 2107 696 2179 ut,
719 2092 871 2168 homine
893 2091 1052 2186 majora,
1079 2087 1205 2168 Deum
1225 2089 1407 2167 auitorem
1426 2103 1626 2189 arguerent.
1676 2089 1769 2166 Sunt
1787 2114 1882 2190 quae·

542 2193 631 2270 dam
651 2191 781 2274 verba,
808 2209 889 2289 quae
915 2188 1069 2287 Angeli,
1096 2210 1176 2302 quae
1195 2187 1383 2288 Prophetae
1396 2187 1471 2266 Dei
1490 2190 1640 2265 nomine
1661 2187 1778 2264 dicere
1800 2187 1883 2288 pus·

540 2291 633 2370 sunt
680 2289 773 2368 Sunt
792 2287 881 2373 alia',
907 2307 986 2388 quae
1005 2284 1091 2363 Deo
1106 2300 1156 2362 rta
1175 2285 1257 2362 sunt
1275 2290 1442 2388 propria,
1467 2299 1510 2363 ut
1527 2280 1703 2380 transferri
1724 2288 1763 2362 in
1785 2309 1883 2364 crea·

540 2405 637 2468 tutas
653 2387 754 2466 nulla
775 2387 914 2463 ratione
932 2397 1074 2485 queant
1126 2383 1250 2464 Innuit
1270 2408 1358 2486 ergo
1378 2384 1530 2474 Paulus,
1555 2383 1590 2462 le
1617 2384 1719 2488 quod
1744 2383 1883 2463 audivit

538 2481 1175 2568 fflmffiffimffiffi
2048 2544 2051 2552 .

638 2584 711 2667 ΙΙΙ.
738 2588 785 2664 At
804 2581 973 2685 quorsum
993 2584 1152 2670 audivit,
1177 2580 1309 2662 licum
1330 2581 1483 2667 Ecclesra
1509 2586 1780 2663 communicare
1802 2604 1880 2662 non
1896 2606 1979 2674 xm,
1991 2614 2052 2674 cur

536 2686 672 2769 liceat?
697 2681 893 2765 Nonnullis
911 2679 1125 2783 respondere
1146 2682 1255 2772 libet,
1280 2682 1382 2787 quod
1400 2708 1443 2763 ea
1462 2684 1693 2787 quibusdam,
1719 2686 1879 2762 arcanio
1895 2684 2015 2769 ucctfiae
2027 2707 2063 2750 ea

537 2791 573 2870 ri
594 2786 771 2890 sapientiae
791 2782 962 2870 initiaris,
985 2781 1083 2883 quali
1103 2784 1143 2859 in
1170 2807 1293 2861 aurern
1317 2784 1457 2862 dixerit.
1478 2849 1487 2863 ,.
1509 2784 1649 2862 Verum
1674 2783 1713 2859 id
1740 2806 1818 2861 non
1839 2784 1950 2860 li-u·
1965 2786 2049 2886 ⁰3³1·

539 2898 640 2992 quet
690 2886 806 2964 Satius
829 2880 936 2958 estut
954 2879 1172 2975 intuamur,
1194 2881 1221 2961 l.
1241 2882 1354 2961 Paulo
1379 2884 1458 2960 haec
1477 2880 1644 2983 patefacta
1666 2879 1714 2959 ad·
1732 2882 1783 2961 sui
1809 2886 1880 2983 pri·
1893 2858 2003 2911 ’Μ
2012 2888 2023 2905 ’

540 2998 661 3066 rann
684 2980 989 3068 consolationem,
1015 2979 1177 3076 adversus
1210 2981 1395 3059 ministerii
1421 2982 1560 3060 labores
1584 3030 1596 3069 ‚
1619 3001 1738 3081 neque
1763 2982 1883 3059 conti-

538 3079 654 3167 nuiise
673 3084 719 3162 ali
745 3079 809 3158 uid
827 3077 873 3155 de
893 3083 1086 3158 communi
1105 3079 1287 3167 dollrina,
1314 3102 1425 3181 quam
1449 3077 1649 3160 Ecclesiam
1665 3079 1752 3156 scire
1772 3085 1884 3157 inter·

536 3197 624 3266 erat
676 3106 777 3299 11.ᾚά
798 3178 915 3279 ipsum
930 3177 1223 3294 maximeusacere
1243 3179 1289 3256 ad
1314 3178 1505 3295 utilitatem
1524 3177 1685 3259 Ecclefiae
1698 3179 1773 3292 Q&
1792 3199 1883 3258 con·
1979 3174 1981 3180 ’

537 3283 859 3366 coniirnutronem
872 3276 1002 3354 nostrae
1018 3276 1121 3362 fider,
1149 3278 1252 3379 quod
1272 3277 1457 3356 audiamus
1476 3281 1508 3358 Α
1536 3279 1693 3357 ostolum
1715 3299 1753 3355 ιιι
1778 3275 1883 3358 Para-

538 3384 656 3463 disum
678 3391 843 3481 ruptum,
867 3373 906 3453 ἃ
928 3397 976 3452 ex
997 3396 1043 3457 eu
1074 3375 1276 3467 reversum,
1300 3376 1424 3455 testem
1450 3376 1482 3456 sa
1609 3372 1700 3465 else,
1726 3376 1802 3455 dari
1825 3377 1883 3454 lo-

541 3507 629 3564 cum
646 3477 896 3563 beatitudiuis,
920 3473 985 3552 ubi
1015 3473 1053 3551 dc
1077 3474 1257 3555 Christum
1283 3477 1432 3564 viderit,
1458 3476 1496 3553 δι
1517 3478 1703 3579 praeclara,
1755 3475 1883 3555 rursus·

543 3605 617 3686 que
638 3577 858 3660 admirabilia
883 3593 931 3653 ex
961 3595 1026 3651 ore
1058 3575 1135 3672 ejus
1160 3576 1342 3654 audiverit.
1392 3572 1452 3656 lll
1475 3574 1524 3657 Ea
1575 3600 1629 3656 uae
1652 3573 1694 3654 in
1744 3574 1879 3658 aradis)

537 3691 714 3785 gerunuu
743 3675 837 3756 adeo
861 3671 930 3752 elle
954 3672 1112 3763 eximia,
1137 3686 1178 3752 ut
1200 3698 1319 3777 neque
1350 3673 1512 3752 humano
1543 3601 1576 3753 ἓ

540 3791 701 3883 queunt,
726 3774 768 3852 de
782 3786 930 3877 captum
951 3772 1188 3855 humanarum
1209 3776 1389 3852 mentium
1411 3776 1451 3851 in
1470 3776 1537 3853 hac
1557 3774 1664 3853 seculi
1684 3775 1796 3855 nostri
1818 3794 1880 3852 ca-

536 3881 651 3982 ligine
670 3877 861 3978 supereum
887 3870 1125 3976 quamobrem
1147 3872 1220 3952 hoc
1243 3876 1367 3990 potius
1388 3873 1570 3976 agendum
1591 3871 1724 3952 esseut
1747 3872 1792 3951 ad
1815 3893 1889 3963 eo·¹

536 4003 621 4060 rum
639 3977 852 4058 menonem
874 3971 939 4051 suo
967 3986 1133 4072 tempore
1157 3972 1414 4064 adornamur,
1439 3996 1548 4077 quam
1570 3985 1612 4051 ut
1635 3972 1688 4050 nil
1713 3970 1877 4074 profutu-

538 4102 578 4158 ra
594 4071 795 4160 ninofiuoe
812 4075 855 4152 in
874 4094 917 4150 ea
940 4071 1172 4174 inquiramun
1221 4069 1285 4151 IV.
1317 4070 1373 4152 fix
1397 4072 1526 4154 Christi
1546 4095 1611 4151 ore
1638 4072 1749 4150 uerba
1776 4068 1876 4147 audi·

538 4176 759 4359 affluo
791 4170 1052 4274 comprobeuu
1084 4168 1237 4251 homine
1267 4174 1385 4272 major
1416 4168 1511 4263 else,¹
1533 4170 1638 4254 Deus
1670 4166 1879 4251 benedislus

1577 3698 1709 3754 rmone
1742 3675 1881 3775 exponi

1271 4468 1353 4571 Ca
1650 4593 1654 4600 Ι
1753 4467 1877 4557 CAR
