4909 5425
768 516 826 591 Dr
858 516 1306 593 camulianorum.
1337 530 1430 587 rosa
1467 519 1645 593 Arosron.
1824 546 1878 609 ,οι

530 630 637 713 Nam
662 632 702 711 ἀ
720 634 871 728 solicitum
903 634 1149 728 &omniorum
1174 633 1235 709 hic
1256 633 1365 710 exstat
1395 634 1588 734 promissio.
1640 637 1681 716 In
1709 639 1768 717 illa
1791 662 1878 719 vero

532 730 693 833 Spiritus
717 732 832 823 sandi
854 731 1025 810 emfione
1052 756 1122 833 qua
1158 732 1280 809 donati
1305 730 1384 808 sunt
1414 736 1598 835 Apostoli,
1627 759 1704 813 non
1741 741 1877 819 somnia

531 844 602 911 tut
627 829 779 909 visrones
798 846 918 917 erant,
944 832 1002 908 sed
1022 831 1227 918 sublimior,
1251 833 1387 907 interna
1407 845 1515 932 puta,
1542 834 1779 923 illuminatio,
1806 862 1876 937 qua

531 930 575 1009 su
596 944 792 1010 momento
810 931 1003 1008 multarum
1022 930 1073 1006 lin
1101 952 1227 1007 uarum
1249 930 1285 1004 &
1307 929 1661 1030 prosundiffimorum
1688 936 1876 1035 mysterio-

528 1052 620 1111 rum
643 1032 745 1130 gnari
763 1030 1014 1112 reddebantur.
1063 955 1145 1107 slus
1163 1029 1253 1107 ultra
1277 1052 1364 1130 ergo
1387 1033 1543 1107 vaticinii
1563 1032 1875 1133 complementum

525 1126 570 1209 se
589 1128 776 1215 extendit,
802 1140 844 1206 ut
868 1130 1038 1205 nimirum
1065 1152 1131 1229 per
1154 1129 1290 1205 sonuria
1312 1151 1460 1229 quoque
1482 1130 1519 1206 &
1543 1128 1694 1207 visiones
1723 1133 1747 1210 S
1775 1133 1875 1211 stitus

533 1228 685 1309 sanum
705 1229 866 1329 mysteria
891 1231 928 1304 in
952 1228 1063 1305 Novo
1083 1225 1314 1305 Testamento
1334 1229 1473 1305 revelet
1524 1228 1586 1307 sV.
1601 1229 1724 1307 Promi
1749 1254 1875 1309 ionem

531 1326 634 1405 hanc
650 1325 774 1403 fatiam
796 1324 861 1403 esse
882 1328 1001 1401 ultima
1023 1328 1219 1419 temporibus.
1273 1325 1407 1403 Ultima
1435 1349 1521 1403 vero
1545 1341 1709 1428 tempora
1731 1354 1775 1405 an
1799 1328 1875 1405 nes-

528 1428 655 1507 cimus
675 1438 794 1504 toturn
821 1423 1001 1525 Evangelii
1021 1424 1161 1501 cursum
1180 1424 1389 1525 defignare?
1422 1423 1467 1500 V.
1486 1423 1703 1503 Effusronem
1723 1428 1747 1506 S
1775 1429 1874 1504 iritus

527 1534 571 1607 b
591 1552 713 1601 ornam
733 1552 857 1603 carnem
875 1524 921 1601 ad
939 1545 1111 1599 aureorum
1126 1527 1242 1617 judicii
1262 1527 1344 1600 dien
1363 1523 1522 1609 extendi.
1541 1524 1624 1601 vers.
1639 1552 1700 1612 20.
1748 1452 1812 1606 (⁷1.
1828 1524 1875 1602 ll·

527 1624 606 1707 lius
624 1626 929 1703 communionem
945 1624 1086 1700 omnibus
1103 1628 1188 1723 longe
1205 1629 1264 1720 post
1274 1626 1399 1721 futuris
1418 1625 1590 1722 promitti.
1613 1624 1698 1708 vers.
1711 1649 1767 1720 39.
1814 1632 1876 1701 Vo-

527 1724 583 1805 bu
605 1732 689 1800 enim
698 1726 786 1821 svessa
808 1728 845 1817 est
860 1724 1032 1817 promisso,
1058 1722 1097 1810 ἐς
1114 1725 1216 1799 liberis
1235 1728 1363 1822 vestris,
1387 1721 1428 1809 &¹
1445 1723 1586 1798 omnibus
1605 1728 1687 1824 longe
1703 1729 1765 1822 post
1775 1725 1875 1822 futu·

527 1834 598 1910 n'r,
646 1827 819 1921 uoscunque
838 1824 981 1898 videlicet
998 1824 1201 1898 advocaverit
1222 1831 1376 1897 Dominus
1397 1830 1483 1896 Deus
1502 1826 1606 1916 nosser.

583 1852 708 2003 X‘slt.
735 1922 1003 2001 convenienter
1038 1921 1124 1998 huic
1156 1923 1325 1998 vaticinio
1354 1924 1427 1997 texi
1459 1922 1575 2021 potest
1597 1920 1789 2021 Catasogus
1823 1925 1875 1999 vi·
1893 1936 2069 2027 xisth

529 2020 704 2109 flonum,
731 2021 1014 2105 revelationum,
1040 2018 1263 2097 somniorum
1302 2019 1559 2106 Divinorum,
1598 2022 1633 2097 ἃ
1670 2022 1877 2121 prophetia·
1895 2018 2022 2095 &expe-

525 2144 644 2207 rum,
667 2144 734 2222 per
754 2122 878 2196 omnia
904 2117 1066 2198 Ecclesrae
1089 2119 1225 2213 secula;
1253 2120 1298 2195 ad
1323 2142 1432 2220 quam
1458 2142 1535 2195 rem
1561 2118 1758 2220 plurimum
1788 2145 1877 2199 con.
1893 2101 2005 2235 ’ππ

528 2220 619 2301 tulit
653 2242 700 2298 ex
729 2217 985 2320 opulentisrmo
1016 2215 1197 2293 immensae
1230 2216 1390 2295 sessionis
1412 2215 1480 2293 suae
1510 2241 1607 2318 penu
1639 2216 1875 2297 Venerandus
1893 2196 1930 2313 {a
1953 2268 2035 2311 ecre-

528 2310 655 2399 noster
679 2316 859 2399 Vernus.
886 2322 1006 2411 Disput.
1036 2319 1142 2394 Seleu.
1171 2325 1259 2397 Part.
1292 2344 1347 2396 11.
1367 2340 1398 2412 p.
1431 2340 1538 2411 ¹055}
1570 2318 1610 2406 ὠ*
1632 2323 1705 2419 seq:
1733 2315 1777 2396 Et
1807 2318 1875 2395 hac
1894 2327 2023 2390 aaeuraa

523 2418 654 2505 nostra
665 2428 767 2493 atate
792 2439 870 2494 non
889 2416 1032 2492 defuere
1047 2417 1210 2495 orabitis,
1223 2426 1348 2492 Kartera·
1360 2471 1371 2502 ,
1399 2425 1610 2502 Paniatoviae,
1636 2439 1705 2517 pro
1731 2416 1874 2517 insrgni-
1892 2404 2018 2564 ”lam

529 2516 602 2597 bns
625 2515 833 2619 prophetis,
859 2539 878 2591 a
900 2513 1107 2615 gravissimis
1125 2514 1334 2592 hominibus
1356 2516 1485 2600 habiti,
1512 2519 1619 2592 etiam
1651 2516 1732 2616 post
1744 2516 1872 2593 serium
1891 2503 1978 2626 22?
1994 2490 2061 2541 Μ’

527 2616 572 2695 u
592 2628 800 2695 accuutum
827 2637 946 2691 rerum
971 2636 1135 2692 examen.
1187 2615 1238 2693 Ut
1268 2615 1355 2691 nihil
1384 2637 1481 2691 nunc
1506 2614 1624 2692 dicam
1655 2615 1701 2692 de
1722 2616 1875 2693 admira-
1976 2634 1979 2639 ·

527 2717 597 2798 bili
622 2715 683 2794 illa
708 2713 837 2794 Divini
861 2715 1012 2816 Spiritus
1038 2714 1315 2816 dispensatione,
1340 2737 1419 2817 quae
1451 2714 1662 2816 quibusdam
1687 2712 1874 2816 Euangelii

527 2817 721 2902 ministris,
747 2813 889 2916 aliisque
913 2815 1123 2895 hominibus
1144 2817 1276 2891 eximie
1296 2816 1383 2915 piis,
1410 2814 1447 2888 in
1471 2821 1577 2890 Scotia
1598 2812 1784 2911 contigisse
1798 2816 1872 2889 ser·

526 2927 610 2998 ture
636 2928 698 2992 aut
723 2915 769 2991 de
788 2913 854 2990 illis
874 2914 1034 3014 raptibus
1055 2915 1092 2989 ἃ
1117 2914 1320 2999 ecstasrbus,
1348 2912 1479 3015 quibus
1502 2914 1707 3010 nuperrime
1733 2914 1769 2984 in
1791 2914 1872 2987 Gal-

526 3021 582 3096 liis
653 3025 700 3092 ιη’
722 3015 886 3114 praedaque
908 3013 997 3089 mira
1024 3037 1065 3090 ac
1087 3012 1196 3090 fidem
1230 3009 1500 3113 propemodum
1529 3009 1724 3109 superantia
1756 3009 1872 3086 locuti

525 3039 653 3194 briss?
656 3125 914 3191 memorantur.
968 3113 1140 3208 Quorum
1158 3114 1371 3188 acerrimum
1397 3108 1464 3186 sese
1478 3107 1700 3188 defensorem
1715 3109 1873 3208 prestitit

523 3211 764 3298 Dofflffimus
790 3211 1116 3291 &celeberrimus
1138 3210 1279 3312 Juruus.

577 3311 700 3398 XIV.
724 3313 774 3392 At
823 3313 982 3387 uantavis
1004 3308 1222 3386 confidentia
1254 3306 1367 3404 multa
1397 3306 1528 3386 narrari
1556 3307 1768 3404 videamus,
1794 3330 1872 3386 non
1890 3339 1972 3406 xm,
1988 3342 2058 3406 Nm

526 3425 652 3512 samm
670 3411 767 3490 nesas
791 3333 858 3485 dle
880 3407 1047 3485 existimo
1072 3430 1114 3523 ea
1139 3409 1349 3524 accuratiori
1371 3407 1528 3484 examini
1554 3406 1723 3507 subjicere
1799 3407 1872 3487 Mi·
1890 3424 2006 3484 ouem

520 3513 567 3596 bt
593 3509 645 3592 sic
679 3512 848 3587 videtur:
883 3506 1009 3585 Deum
1037 3506 1186 3609 qurdem
1223 3506 1420 3608 Optimum
1452 3506 1730 3610 Maximumque
1765 3508 1871 3585 initio
1888 3495 2059 3578 peruene-

520 3609 717 3714 Eurngelii
742 3607 954 3708 Prophetas,
981 3606 1115 3708 Spiritu
1137 3605 1199 3682 suo
1224 3603 1389 3704 fingulari
1410 3607 1547 3682 ratione
1569 3605 1683 3695 assos,
1709 3603 1872 3686 Ecclesrae
1889 3575 2058 3714 wag,

521 3705 752 3796 muceffisse,
774 3710 836 3810 qui
856 3730 926 3784 una
947 3728 1031 3784 cum
1053 3705 1255 3806 apostolis,
1279 3709 1358 3781 imo
1377 3704 1617 3806 &aliquanto
1641 3705 1721 3808 post
1742 3728 1871 3783 eorum
1890 3675 2041 3810 :eaquae-

522 3829 576 3894 ιι
611 3811 714 3888 terris
740 3804 953 3898 excessum,
986 3804 1123 3882 lauteri
1155 3805 1323 3882 doctrinae
1351 3804 1592 3906 propaganda
1620 3805 1870 3904 invigilarunt,
1890 3805 2039 3901 tumsqcu·

521 3911 565 3992 ἃ
596 3905 801 3986 miffionem
831 3905 929 3982 suam
989 3903 1137 4004 rodigiis
1170 3905 1450 3982 confirmarunt:
1479 3905 1552 3982 hoc
1588 3905 1687 3982 enim
1724 3904 1870 3980 illorum
1889 3889 2004 3980 ‘'⁰3¹⁹'‘

520 4023 740 4128 temporum
760 4006 851 4083 ratio
876 4026 946 4120 pro
977 4027 1017 4079 us
1041 4006 1221 4119 requirere
1238 4004 1442 4119 videbatur.
1494 4003 1624 4106 Neque
1648 4003 1788 4088 abnuo,
1815 4014 1868 4077 ta·
1883 3957 2058 4119 {ffffl'

520 4109 590 4198 Iu]
610 4105 676 4188 mu
726 4129 765 4184 es
797 4103 871 4184 Dei
901 4103 1029 4189 Viros,
1055 4114 1162 4178 tertio
1198 4117 1396 4180 etiamnum
1428 4103 1625 4202 &quarto
1650 4122 1726 4176 aerae
1760 4099 1867 4178 Chri·
1884 4135 1967 4181 m

522 4207 646 4292 m
673 4129 793 4284 se'sulo
823 4199 1008 4318 exstitisses
1033 4202 1165 4317 durum
1196 4206 1294 4280 enim
1325 4200 1409 4279 esset
1437 4205 1504 4301 piis
1532 4199 1715 4284 Patribus,
1742 4197 1787 4312 de
1816 4195 1868 4274 sui
2088 4213 2094 4228 ·

521 4309 594 4402 ni
618 4305 759 4408 suaeque
783 4301 1026 4382 familiaritatis
1059 4302 1270 4380 homrnibus
1295 4301 1376 4381 talia
1399 4299 1600 4381 constanter
1623 4298 1866 4386 narrantrbus,

520 4407 646 4504 fidem.
670 4427 824 4484 omnem
849 4403 1035 4502 abrogare,

567 4501 790 4604 szedson
816 4514 940 4606 tamen
963 4501 1102 4586 idcirco
1117 4497 1265 4606 ‘necesse
1299 4501 1477 4594 arbitror,
1501 4511 1544 4580 ut
1566 4496 1640 4582 fine
1667 4496 1871 4582 discrimine
1887 4507 2005 4576 me

1215 4599 1244 4683 P
1255 4623 1282 4705 p
1309 4625 1329 4700 3
1745 4597 1871 4682 omnia
1887 4590 2044 4654 “W
