4909 5425
727 521 805 606 535
1165 500 1279 581 ιη.
1307 498 1378 581 IV.
1433 495 1660 578 ΟΜΝΗ,

727 659 840 732 quum
864 628 948 705 illud
958 654 1119 720 reorum,
1137 632 1206 704 hoc
1222 629 1379 718 iudicum
1396 628 1445 701 srt.
1497 628 1577 700 Imo
1598 651 1720 722 quum
1735 649 1821 696 reus
1849 623 1962 698 sedere
1976 622 2045 710 iulu-

728 735 855 822 batur,
882 731 1058 806 absolutus
1074 731 1285 806 censebatur.
1336 731 1463 824 Neque
1487 727 1550 799 alia
1574 726 1824 798 absolutionis
1846 724 1992 800 formula
2011 718 2044 793 ufi

733 854 830 908 erant
847 859 973 906 eorum
987 836 1160 926 majores,
1183 833 1219 902 in
1235 834 1352 929 primo
1368 829 1430 900 illo
1442 827 1503 900 suo
1522 826 1661 919 Cirtcnfi
1669 829 1838 901 Concilio.
1897 829 1972 901 Fuit
1984 847 2041 918 pro·

732 933 824 1008 seclo
839 932 1047 1006 incredibilis
1066 931 1207 1029 quidam
1220 930 1317 1006 sallus
1331 931 1459 1003 horum
1480 930 1763 1025 hypocritarum.
1795 926 1872 1000 Sed
1893 921 2037 1002 fanones

731 1035 821 1131 justo
833 1034 899 1106 Dei
915 1033 1069 1126 judicio,
1085 1035 1326 1113 othonorem‚
1354 1026 1691 1119 nimisliberaliteriis
1707 1028 1922 1115 oblatum,
1946 1037 2039 1126 quoin

733 1133 828 1234 digni
846 1154 941 1206 erant
954 1137 1153 1207 recusarent.
1179 1133 1315 1207 Verum
1326 1128 1456 1204 &aliud
1464 1126 1597 1200 accessit
1613 1126 1799 1225 superbiae
1812 1154 2042 1229 argumentum

733 1239 860 1325 Quum
880 1236 976 1307 enim
990 1233 1162 1306 Catholici
1176 1230 1363 1330 Episcopi,
1398 1230 1521 1302 liscum
1547 1225 1772 1314 differentes,
1816 1257 1865 1302 ex
1881 1235 2045 1308 Christiane

733 1335 914 1408 charitatis
922 1359 1034 1431 praece
1062 1353 1101 1405 to
1108 1358 1270 1410 nnuma
1284 1331 1510 1430 appellarent,
1525 1329 1573 1398 illi
1588 1327 1822 1427 indignantes
1837 1331 2046 1410 dulciffimun

736 1359 1155 1533 atquehonoratillimum
1171 1433 1382 1505 hocnotnen
1397 1425 1537 1501 fastuose
1549 1427 1773 1524 respuerunt.

547 1550 704 1615 xxvnfe.
787 1580 791 1587 ·
837 1533 957 1604 XXV.
983 1533 1071 1604 Non
1079 1529 1375 1606 committendum
1392 1549 1509 1601 tamen
1527 1524 1589 1598 sabi
1602 1531 1836 1606 Marcellinus
1858 1535 2049 1622 existimarit,

418 1670 420 1675 -
547 1653 604 1728 rus
617 1650 690 1725 qus.
739 1631 839 1706 uthis
853 1632 1020 1705 omnibus
1039 1658 1057 1704 a
1074 1629 1176 1704 sedati
1188 1629 1445 1730 composrtique
1461 1627 1566 1701 animi
1582 1629 1750 1724 aequitate
1768 1634 1833 1705 vel
1844 1639 2008 1710 tantillum
2015 1637 2050 1709 li·

540 1711 648 1793 Ilm
657 1712 723 1797 sta·
739 1753 860 1805 motus
875 1731 984 1804 videri
999 1729 1117 1828 pollet.
1147 1733 1358 1830 Instititergo
1369 1726 1602 1803 utiddemum
1617 1733 1834 1805 tradlaretur
1856 1735 1893 1805 in
1908 1765 1976 1834 quo
1987 1764 2051 1836 prae

548 1802 615 1861 Μ’
741 1830 1019 1930 cipuumcauliae
1036 1851 1260 1907 momentum
1272 1829 1465 1904 litumerat.
1494 1827 1558 1900 Sed
1571 1827 1977 1932 subterfugiacaptantes
1986 1840 2052 1911 luci

736 1931 850 2032 fugae,
867 1931 907 2003 de
923 1930 1237 2030 personisprimum
1247 1933 1473 2030 quaestionem
1488 1928 1683 2001 habendam
1699 1932 1893 2008 vociferati
1906 1937 1978 2011 sunt
1988 1990 1999 2024 ,
2023 1962 2054 2011 ac

736 2031 820 2106 scire
830 2032 1019 2105 voluerunt
1044 2033 1189 2128 quinam
1205 2031 1253 2103 ab
1267 2033 1476 2129 imperatore
1498 2028 1737 2104 Collationem
1752 2033 1934 2131 petiissent
1984 2043 2056 2127 Qu

703 2184 709 2197 .
736 2131 838 2230 super
855 2158 890 2202 re
914 2157 1042 2230 magna
1060 2129 1119 2205 diu
1141 2133 1335 2227 pervicacia
1365 2132 1516 2203 altercati
1552 2150 1643 2200 sunt.
1707 2136 1930 2222 Quaerebant
1950 2142 2054 2223 enim,

738 2231 837 2330 quod
852 2233 887 2304 in
902 2258 948 2303 eo
967 2257 1110 2329 quoque
1124 2256 1246 2330 genere
1261 2232 1467 2303 arroderent.
1520 2236 1715 2325 Qrumque
1739 2232 1883 2308 dietum
1902 2237 1994 2325 esset,
2016 2239 2054 2310 uti

737 2359 790 2408 res
812 2331 882 2429 ipsa
901 2330 1047 2406 faciebat
1062 2330 1202 2430 palam,
1232 2332 1401 2407 catholicos
1416 2326 1478 2403 effe
1496 2333 1556 2425 qui
1570 2328 1692 2401 libello
1709 2333 1934 2429 Imperatori
1954 2339 2052 2410 oblato

740 2434 976 2507 Collationem
990 2428 1064 2503 fieri
1080 2429 1249 2532 rogassent
1265 2460 1277 2513 3
1304 2430 1557 2507 contenderunt
1576 2427 1607 2499 se
1624 2428 1686 2501 else
1703 2437 1903 2514 catholicos.
1953 2441 2003 2512 Ne
2014 2463 2053 2514 re·

738 2557 783 2605 ro
802 2531 842 2602 de
857 2532 1002 2604 nomine
1021 2527 1135 2603 frustra
1145 2529 1395 2627 disputaretur,
1418 2527 1665 2630 prospicienter
1676 2538 1828 2610 monuit
1846 2540 2054 2619 Marcellin,

736 2655 812 2702 non
826 2629 890 2702 else
904 2631 939 2703 id
951 2653 1085 2700 nomen
1097 2629 1304 2704 trahendum
1319 2632 1362 2705 ad
1377 2629 1497 2710 caussae
1512 2627 1946 2728 aliquodpraejudicium;
1962 2641 2055 2714 sedat.

736 2729 939 2828 cipiendum
955 2726 1050 2801 sensu
1064 2750 1218 2828 recepto,
1231 2752 1337 2829 prout
1361 2729 1838 2833 significabatDonatifiarum
1853 2742 2053 2816 adversarior

736 2832 815 2906 Hac
829 2829 968 2923 exclusi,
978 2829 1042 2902 alia
1051 2831 1329 2932 tergiversatione
1339 2830 1388 2906 uli
1406 2833 1495 2907 sunt.
1556 2832 1695 2931 Nempe
1707 2862 1833 2933 quum
1844 2840 1890 2914 de
1902 2845 2056 2918 Catholin

556 2927 595 3026 ‚⁹⁵
738 2929 889 3006 Ecclesia
921 2929 1041 3006 uaestio
1052 2951 1255 3019 verteretur,
1268 2960 1342 3006 non
1355 2934 1448 3007 solor
1461 2934 1851 3028 Africanosaudiendos
1863 2943 1944 3030 effe,
1967 2941 2056 3042 quide

739 3031 852 3104 totius
863 2958 959 3104 oriris
972 3033 1228 3105 communione
1240 3034 1417 3108 Catholica
1431 3035 1678 3132 gloriarentur,
1696 3035 1755 3107 sed
1780 3044 1816 3115 dr
1833 3043 2059 3117 transmarinos

741 3130 956 3228 Episcopus,
983 3130 1195 3205 nevidelicet
1215 3131 1264 3203 illi
1282 3132 1411 3208 sadum
1420 3134 1484 3208 fibi
1496 3133 1737 3233 praejudicium
1763 3160 2060 3236 quererentnrm·

747 3254 818 3326 que
836 3235 910 3303 ana
924 3229 1110 3328 aliquando
1130 3230 1369 3318 rescinderent.
1423 3241 1638 3331 Quanquam
1653 3233 1768 3310 futilia
1789 3240 1878 3329 sint,
1892 3266 2060 3318 nemonnn

548 3323 625 3372 '2
748 3328 866 3403 videt:
892 3356 1003 3426 quum
1018 3330 1061 3403 de
1082 3332 1240 3405 curando
1258 3335 1491 3428 Africanarum
1511 3333 1735 3411 Ecclefiarum
1750 3342 1900 3417 morbo
1917 3364 2058 3447 ageretur.

669 3438 673 3449 '
746 3454 855 3526 quem
873 3427 1015 3504 feliciter
1036 3449 1199 3505 curatum
1218 3458 1294 3507 non
1315 3457 1478 3533 poterant
1500 3462 1575 3510 non
1590 3437 1620 3510 dr
1635 3436 1717 3512 iis&
1735 3436 1807 3513 fibi
1829 3448 2057 3545 gratulation-

595 3538 599 3545 '
741 3554 803 3601 nes
820 3529 980 3604 Ecclesrae
997 3531 1128 3606 Christi.
1180 3534 1236 3608 Sic
1253 3560 1395 3612 moram
1413 3564 1457 3611 ex
1484 3562 1586 3611 mora
1607 3536 1793 3613 trahebant
1812 3572 1825 3625 ς
1873 3545 1996 3620 eadem
2011 3544 2057 3618 im

741 3628 864 3703 odiosa
876 3632 1083 3729 repetitione
1099 3632 1290 3707 identidem
1305 3638 1568 3738 ingeminantes.
1615 3636 1777 3712 Tandem
1793 3669 1842 3715 eo
1862 3644 2057 3731 ventumnb

743 3747 785 3801 ut
807 3731 953 3827 cognitor
965 3730 1098 3805 recitari
1118 3732 1279 3824 juberet,
1307 3761 1387 3833 quae
1406 3738 1472 3813 sub
1480 3742 1623 3814 Anatim
1641 3743 1840 3832 Procoffide
1862 3747 1958 3845 gesta
1973 3765 2058 3831 emt,

718 3857 721 3862 ·
743 3829 781 3902 in
797 3829 874 3929 ipso
892 3830 1080 3907 schismatis
1099 3831 1215 3911 initio.
1268 3837 1371 3913 Tune
1384 3840 1436 3911 illi
1449 3841 1638 3914 exclamare
1650 3838 1836 3931 dolentes,
1860 3845 2058 3940 senfinirle

745 3937 848 4006 timer
863 3935 900 4008 in
913 3930 1076 4109 mrim:
1101 3938 1242 4026 Potestas
1265 3956 1326 4011 rua
1335 3940 1450 4034 senfin
1480 3966 1537 4015 ros
1573 3949 1609 4016 in
1640 3945 1748 4038 caelia
1771 3948 1914 4023 intem
1935 3951 2055 4025 deleti

747 4032 916 4132 Longum
934 4062 952 4108 e
978 4052 1013 4108 et
1025 4059 1177 4109 enarrare
1190 4062 1297 4133 quem
1310 4039 1436 4140 ineptis
1453 4040 1733 4117 cavillationibus
1744 4046 1954 4152 potidisque
1965 4050 2058 4151 litig'n

748 4147 889 4231 tempus
908 4134 1093 4225 triverint,
1117 4137 1150 4209 dc
1165 4143 1367 4233 cognitorem
1382 4144 1610 4243 castaneasque
1621 4141 1807 4244 fatigarint.
1818 4152 1860 4225 N
1861 4180 1916 4228 on
1931 4154 2061 4229 senen»

748 4256 822 4330 gno
849 4232 957 4308 taedio
972 4236 1147 4333 Augustini
1157 4237 1360 4319 breviculum
1374 4275 1386 4328 ς
1420 4262 1455 4319 ct
1473 4246 1588 4318 multo
1604 4245 1737 4337 majore
1751 4248 1864 4346 ipsius
1891 4255 2063 4334 canariis

744 4331 815 4406 asia
827 4358 885 4405 me
899 4333 1212 4436 legilleconfiteor:
1236 4366 1316 4437 quae
1331 4346 1488 4443 primum
1499 4343 1641 4443 quidem
1654 4351 1782 4438 Papirii
1792 4354 1957 4447 Mafforu‘s
1975 4374 2064 4453 open

745 4449 848 4532 atque
861 4431 973 4514 studio
991 4437 1029 4515 in
1041 4437 1158 4520 lucem
1174 4438 1268 4543 edita
1285 4444 1364 4525 sunt
1386 4495 1403 4539 ,
1427 4445 1535 4528 deine
1544 4452 1585 4549 Ρ.
1595 4447 2062 4640 PitboeocumManusc‘nffl
