4909 5425
957 500 1496 577 DtPnoenerrse1c.
1828 518 1903 601 a„

549 634 612 697 tna
634 630 764 699 contra
784 616 1000 705 contendit,
1025 618 1160 697 cessasse
1188 622 1335 721 quidem
1360 633 1424 721 'per
1445 636 1600 724 quatuor
1621 627 1819 709 admodum
1839 657 1903 709 an.

550 740 693 797 norum
715 719 912 810 centurias;
938 716 995 792 sed
1016 717 1164 893 coepisse
1187 719 1407 835 reflorescere
1429 723 1492 798 sub
1511 746 1675 845 auroram
1695 727 1899 829 Evarngelii3

551 830 666 933 atque
698 818 793 895 hanc
826 816 980 892 nostram
1016 838 1117 895 vero
1148 819 1255 895 natali
1289 819 1367 895 solo
1404 843 1448 896 ex
1481 825 1635 913 Aserotode
1659 832 1898 928 Hierosolymam
1981 850 1985 858 ·

550 912 712 1001 remise,
737 917 868 1017 partim
888 928 929 990 ut
953 915 1123 1004 devotam,
1150 940 1225 1017 quo
1249 922 1425 1018 promtius
1453 922 1678 999 orationibus
1695 941 1833 1003 vacaret
1856 932 1895 1005 in

549 1010 738 1115 Templo,
755 1014 893 1194 &etim
916 1023 956 1089 ut
977 1016 1213 1114 prophetissam,
1238 1029 1279 1091 ut
1298 1039 1345 1092 eo
1364 1040 1513 1096 munere
1533 1018 1737 1120 iungeretur
1758 1027 1797 1099 in
1814 1027 1896 1104 Me.

814 1115 826 1189 i
846 1110 1025 1189 sententiae
1043 1113 1159 1190 favere
1178 1112 1319 1191 videtur
1342 1116 1378 1190 ir
1398 1119 1583 1218 Prophetiffa
1600 1144 1764 1209 nomen,
1792 1124 1895 1224 quod

549 1124 611 1193 no
640 1113 704 1190 oli.

549 1135 638 1291 norb
655 1224 730 1289 tam
750 1210 845 1289 atius
866 1231 974 1309 quam
1001 1208 1111 1288 officii
1131 1214 1180 1288 eit
1193 1238 1205 1307 ;
1232 1214 1269 1288 &
1293 1213 1393 1314 quod
1417 1238 1516 1296 com.
1534 1232 1589 1313 38„
1613 1219 1658 1296 de
1685 1222 1826 1300 Christo
1844 1226 1893 1297 io-

547 1330 627 1391 ttttn
648 1324 811 1389 narretur
830 1308 971 1385 omnibus
993 1320 1049 1409 qui
1064 1312 1274 1406 exspoliabant
1295 1314 1511 1391 redemtionem
1531 1321 1751 1420 Hierosolyma.

596 1407 774 1491 XXXI.
800 1408 873 1487 Sed
901 1407 938 1482 &
965 1409 1037 1485 hoc
1061 1411 1101 1485 in
1131 1409 1226 1486 illius
1247 1411 1411 1488 laudibus
1437 1427 1532 1500 erat,
1560 1420 1660 1516 quod
1688 1416 1770 1496 esset
1791 1426 1893 1499 niba
1913 1434 2032 1504 xxxi,

544 1514 721 1587 neom
743 1531 909 1591 uxone,
932 1527 1013 1607 quac
1034 1528 1111 1584 non
1136 1507 1200 1585 nist
1225 1533 1294 1587 vrr
1323 1512 1423 1586 annis
1450 1534 1536 1589 cum
1556 1516 1699 1593 thalami
1725 1521 1891 1599 consorte
1914 1516 2032 1593 Viduo,

545 1610 697 1687 vixerat
749 1606 934 1719 Magnum·
966 1604 1122 1682 mulieris
1161 1606 1271 1683 decus
1306 1608 1402 1708 apud
1440 1630 1568 1688 omnes
1601 1612 1674 1691 sere
1705 1622 1888 1709 nationes,
1911 1613 2065 1688 ”iiim

543 1730 626 1787 uon
644 1719 805 1807 repetere
832 1725 881 1779 nu
937 1726 998 1778 as:
1022 1728 1069 1778 ne
1096 1704 1258 1781 videatur
1283 1717 1517 1784 matrimonium
1543 1721 1641 1810 magis
1665 1743 1762 1815 quant
1788 1729 1890 1797 mari·
1909 1685 2062 1828 {uffin-

541 1822 620 1885 m
640 1810 773 1979 mopfoe
798 1824 874 1904 quo
923 1800 968 1877 de
995 1810 1161 1879 Germanis
1185 1814 1318 1889 Tacitae.
1370 1805 1519 1883 Veteres
1544 1809 1746 1900 Christiani,
1774 1841 1889 1918 quum
2017 1793 2025 1813 ’
2057 1814 2061 1824 ’

541 1930 626 1987 non
652 1926 704 2006 po
730 1914 793 1979 ent
817 1899 1027 1987 ostendere,
1053 1903 1130 1978 ullo
1163 1902 1291 1982 Christi
1317 1905 1434 1981 editio
1467 1909 1685 2005 prohibitam
1712 1910 1779 1991 esse
1812 1943 1889 1995 ma.

540 2004 712 2089 trimonii
729 2001 1001 2102 repetitionem,
1019 1999 1259 2077 dissuadebant
1275 2016 1411 2081 tamen:
1440 2005 1525 2084 hinc
1548 2012 1775 2108 repetitarum
1794 2039 1889 2117 nup-

540 2104 681 2187 tiarum
702 2099 898 2179 celebritati
920 2097 1094 2176 nolebant
1117 2098 1278 2176 interesse
1300 2092 1514 2203 presbyteri,
1540 2130 1587 2184 ne
1610 2111 1765 2208 probare
1789 2116 1887 2193 vide-

539 2218 682 2287 emtor.

591 2300 747 2385 XXXI
755 2301 780 2381 1.
806 2302 855 2381 At
878 2310 1020 2377 caeteras
1044 2322 1172 2377 omnes
1195 2297 1318 2376 laudes
1342 2298 1525 2401 superabat
1545 2310 1676 2386 eximia
1697 2309 1790 2388 illius
1811 2311 1887 2411 pie.
1907 2316 2041 2383 xxxii.

539 2416 598 2485 ω’
610 2426 621 2479 :
648 2400 751 2503 quod
781 2428 845 2476 non
875 2401 1087 2495 abscedentia
1110 2403 1220 2494 templo
1232 2453 1244 2490 ,
1263 2404 1391 2493 jn'uniis
1423 2402 1463 2489 ῤ’
1495 2408 1754 2501 deprecationibus
1787 2416 1886 2489 calent
1905 2401 1944 2461 ¹⁸
1956 2394 2076 2475 T‘mtb

538 2514 671 2588 Deum,
695 2504 780 2577 diem
803 2526 841 2576 ac
865 2501 991 2574 notiam.
1042 2497 1127 2578 Hoc
1149 2519 1299 2600 quoque
1323 2520 1370 2574 ex
1393 2504 1601 2605 antiquitate
1617 2506 1795 2589 Hebraico
1815 2509 1885 2589 cla·
1906 2474 2029 2554 offiano.
2076 2536 2079 2541 ·

538 2600 697 2687 ramum
716 2598 777 2677 eli.
825 2596 1190 2687 moaxxxnna
1221 2596 1409 2674 laudantur
1447 2605 1613 2683 mulieres
1648 2632 1724 2690 mn
1753 2628 1885 2691 ninam

535 2725 620 2798 epm
639 2698 708 2784 ‘mee
730 2719 806 2782 troo
827 2721 917 2780 tane.
966 2694 1009 2775 Id
1038 2710 1184 2775 vertunt
1210 2694 1352 2774 Graeci:
1377 2699 1435 2779 nole
1469 2714 1679 2790 ooqtooeoeo,
1704 2700 1739 2777 a
1761 2708 1884 2790 tolero-

536 2833 596 2880 ω
620 2793 706 2892 need
729 2791 788 2872 cole
812 2798 900 2890 trigae
924 2804 979 2876 nic
1001 2806 1102 2878 amnia
1125 2801 1175 2870 noi
1193 2801 1359 2893 μαρτυρία.
1408 2809 1552 2894 Junius:
1583 2810 1726 2882 mulieres
1753 2823 1882 2878 turma.

532 2908 600 2982 fin
633 2901 864 2984 convenientes,
888 2923 958 2994 que
982 2906 1152 2972 turmatim
1181 2897 1404 2969 conveniebant
1434 2903 1479 2973 nol
1502 2923 1627 2995 portam
1654 2909 1780 2976 notorio·
1806 2926 1881 2974 oon.

532 3018 666 3080 nentur.
716 2991 850 3071 Similis
882 2991 1023 3073 locutio
1049 2997 1183 3087 exstat,
1213 2994 1338 3072 osam.
1358 3019 1415 3075 11.
1438 3022 1497 3079 22.
1524 3024 1597 3081 nno
1626 3022 1753 3079 ninam
1782 3020 1883 3077 otum

532 3121 619 3196 mn
639 3093 735 3179 Sem,
761 3099 882 3182 Gracci,
906 3094 965 3170 oie
989 3106 1197 3194 neone-nebien
1221 3092 1306 3189 nagal
1329 3092 1387 3173 nole
1411 3100 1496 3194 belgae
1525 3104 1578 3173 nio‘c
1603 3100 1703 3170 coorta
1725 3090 1773 3161 τὲ
1797 3121 1883 3187 μς.

530 3197 635 3292 nogia.
685 3197 826 3288 Junius,
851 3205 893 3267 ut
912 3205 1034 3272 antea:
1060 3199 1201 3271 mulieres
1226 3221 1295 3294 quc
1316 3205 1483 3274 turmatim
1506 3192 1728 3274 conveniebant
1748 3191 1792 3266 ad
1806 3212 1881 3286 por-

531 3313 590 3372 tat
617 3299 944 3368 antoninianus.
996 3292 1101 3370 Vetti
1127 3296 1236 3369 etiam
1263 3295 1462 3373 commode
1481 3293 1611 3400 pollet:
1638 3301 1770 3372 statuta
1797 3307 1879 3365 tem·

527 3413 615 3492 pera
639 3391 852 3486 obfirmantes:
878 3413 962 3467 nam
982 3412 1052 3476 >ebt
1069 3391 1110 3479 ἅ
1127 3387 1438 3490 ogmeaiignificat,
1463 3396 1501 3473 ἃ
1509 3401 1694 3492 stationem,
1719 3387 1789 3465 five
1811 3390 1879 3467 sta·

530 3505 590 3572 tae
616 3490 797 3568 ministerii
831 3490 935 3566 vices.
988 3487 1037 3567 Ut
1066 3489 1177 3568 Num.
1193 3512 1300 3568 vrrr.
1329 3513 1388 3578 ας.
1412 3517 1532 3586 anam
1553 3514 1642 3574 nmo
1666 3515 1740 3573 nen
1764 3488 1805 3575 d
1825 3517 1878 3564 re-

529 3609 685 3670 vertetur
701 3590 807 3685 eserie
823 3589 1007 3684 suasionis.
1057 3589 1146 3667 Non
1171 3587 1272 3691 qood
1295 3588 1380 3664 tales
1396 3588 1560 3665 soeminae
1584 3607 1733 3663 munere
1758 3585 1880 3689 aliquo

527 3685 575 3772 h
598 3687 740 3790 templo
766 3687 1024 3786 fungerentur:
1050 3687 1109 3766 sed
1132 3693 1298 3785 arao-ogei·
1322 3686 1475 3787 ipsarum
1497 3684 1682 3762 constabat
1691 3689 1820 3780 je‘uniis
1841 3687 1883 3761 dc

608 3789 698 3864 too:
722 3786 845 3863 saltem
876 3785 952 3865 haec
1032 3812 1067 3864 rs
1097 3802 1173 3865 erat
1204 3785 1390 3864 ministerii
1423 3787 1590 3862 maxima
1642 3786 1762 3886 Atque
1798 3785 1878 3863 haec

519 3911 527 3926 ¹
572 3883 687 3968 rtnslie
705 3888 800 3962 ratio
820 3883 870 3960 est
894 3907 958 3963 cut
1017 3890 1097 3964 raeci
1121 3888 1290 3963 soeminas
1318 3885 1380 3963 lias
1403 3885 1610 3981 aomaotooe
1632 3885 1798 3960 vocarint
1817 3882 1877 3963 ote

527 3995 738 4076 noenu,
755 3990 955 4080 jejunantes,
980 3986 1172 4062 liberaliori
1193 3989 1487 4085 interpretatione
1513 3995 1685 4060 nontam
1712 3983 1786 4058 vim
1807 4004 1874 4057 vo-

528 4092 584 4168 cic
604 4084 847 4186 explicantes,
868 4105 980 4185 quarn
996 4108 1075 4161 rem
1099 4084 1135 4159 &
1156 4107 1299 4161 morem
1319 4088 1513 4187 antiquitus
1537 4093 1735 4178 receptum.
1785 4080 1873 4160 Hoc

529 4185 714 4268 sedebam
727 4194 903 4259 matrone
919 4183 1012 4282 ittae,
1039 4206 1115 4260 non
1137 4192 1342 4299 perpetuo(
1403 4183 1451 4262 od
1475 4204 1553 4256 non
1577 4177 1712 4254 serebat
1730 4182 1780 4255 rei
1805 4181 1874 4255 do»

526 4285 685 4366 mesticae
715 4283 807 4359 ratio
819 4279 908 4373 ised
936 4283 1033 4360 statie
1060 4295 1134 4360 tem
1163 4284 1297 4359 onbue
1375 4283 1433 4360 luc
1460 4291 1581 4356 tamen
1606 4278 1728 4376 nuptis
1754 4278 1871 4356 viduae

581 4391 749 4466 tuerent,
773 4380 907 4483 quibua
931 4403 973 4460 ea
1005 4405 1091 4461 cura
1116 4307 1297 4472 liberatis,
1322 4384 1533 4460 continuare
1562 4379 1742 4471 ermolao
1770 4375 1872 4458 suam

540 4485 551 4504 ‘
596 4483 686 4578 bet3
707 4477 759 4562 stc
784 4499 825 4560 nt
846 4505 911 4562 nen
937 4481 1340 4666 offuhmtatssmplo,
1366 4489 1533 4566 vacantes
1554 4475 1721 4580 precibus
1750 4477 1870 4598 deje-

1236 4603 1308 4688 ⁰³
1746 4598 1871 4684 lum
