4909 5425
854 456 911 535 De
933 454 1202 539 Scurrnrarr
1227 457 1621 542 Donat-tertuum.
1832 462 1909 560 613'
1991 526 1994 532 -

579 583 711 656 mentis
733 589 869 683 Optatus
888 585 961 674 esi,
982 610 1061 684 quae
1076 607 1187 681 neque
1201 586 1340 683 prorsus
1361 608 1586 674 contemnas,
1613 608 1724 686 neque
1740 587 1840 659 omni
1861 612 1905 661 ex

628 710 678 755 re
825 739 834 757 .
1940 734 1946 745 ·

578 703 660 856 pai
680 685 853 858 Iis.0biii>c
864 800 955 858 certe
965 780 1099 857 Tironio
1113 822 1125 866 ,
1141 779 1366 859 Donatisticae
1380 784 1478 859 seciae
1490 783 1688 884 Episcopo,
1707 785 1762 858 vis
1776 783 1901 858 verita·
1921 766 2097 930 ,mgffl

577 880 625 957 tis
641 881 802 971 extorsit,
829 902 888 973 ut,
898 881 1090 956 adversatus
1101 887 1335 972 Parmeniant,
1349 883 1563 972 defenderet,
1603 885 1816 961 Catholicam
1830 885 1897 957 Dei
1915 845 2094 990 {fix

576 981 770 1057 Ecclefiam
784 1001 865 1056 toto
890 981 977 1055 orbe
990 976 1170 1079 diffusam,
1210 979 1297 1056 ficut
1320 981 1361 1056 de
1380 984 1435 1058 illa
1457 1005 1556 1058 tanto
1568 1005 1646 1059 ante
1660 1011 1720 1084 per
1734 983 1841 1061 corda
1865 987 1898 1059 δι
1905 1003 1982 1086 stra.
1998 963 2094 1091 subis

563 1106 642 1155 ·ora
654 1084 860 1157 sanctorum
868 1081 1055 1181 praevisum
1069 1099 1172 1177 atque
1187 1079 1393 1177 praeditium
1411 1084 1466 1157 esi.
1518 1090 1604 1176 Quo
1619 1105 1819 1184 praecepto,
1845 1083 1900 1159 su·
1917 1106 1982 1149 ua·

575 1179 687 1280 scepit
706 1181 865 1257 adversus
879 1179 973 1282 ipsos
985 1179 1065 1253 suos
1082 1177 1331 1269 demonstrare,
1362 1185 1489 1256 nullius
1506 1186 1659 1257 hominis
1674 1185 1901 1283 quantumvis

574 1278 781 1356 sceleratum
792 1302 976 1380 peccatum
984 1277 1200 1378 praescribere
1209 1281 1384 1377 promissas
1396 1282 1481 1355 Dei:
1497 1309 1561 1357 nec
1573 1283 1608 1355 id
1622 1309 1718 1384 agere
1732 1308 1903 1382 quorum·

522 1458 525 1463 ,
573 1379 664 1455 libet
678 1382 768 1454 intra
784 1378 968 1455 Ecclesiam
982 1378 1253 1452 constitutorum
1280 1378 1473 1478 quamlibet
1494 1384 1729 1481 impietatem,
1766 1380 1903 1456 utfider

574 1480 646 1557 Dei
661 1480 702 1553 de
717 1478 865 1555 Ecclesia
883 1472 1272 1566 sutura&d.iffunderrda
1287 1479 1394 1579 usque
1418 1479 1462 1554 ad
1479 1483 1647 1556 terminos
1673 1481 1768 1556 orbis
1800 1502 1903 1556 terra·

572 1606 659 1657 rum
679 1599 912 1654 evacuaretur.
964 1579 1047 1652 Hoc
1062 1603 1147 1678 ergo
1163 1582 1313 1653 Titanius
1326 1581 1485 1678 quamvis
1502 1582 1724 1671 vehementer
1743 1580 1903 1681 copiose·

574 1707 648 1781 que
660 1678 828 1753 differeret
837 1731 850 1768 ,
872 1675 1231 1766 &contradicentium
1247 1705 1308 1752 ora
1322 1681 1441 1753 multis
1469 1707 1511 1763 ac
1519 1679 1709 1775 ‚manifestis
1723 1682 1903 1780 scriptura·

570 1807 656 1855 rum
671 1779 873 1854 testimoniis
893 1778 1087 1877 oppilaret,
1102 1804 1176 1850 non
1191 1797 1308 1852 tamen
1321 1774 1436 1868 vidit,
1460 1779 1557 1880 quod
1581 1779 1829 1877 consequenter
1848 1782 1901 1853 vi·

571 1879 730 1955 dentium
746 1877 833 1967 suit,
871 1879 995 1951 illosin
1012 1872 1125 1951 Africa
1141 1876 1521 1979 Christianospertinere
1543 1879 1586 1952 ad
1608 1877 1795 1954 Ecclefiam
1817 1899 1899 1954 toto

570 1981 663 2055 orbe
680 1973 852 2065 diffusam,
868 1978 927 2077 qui
945 1977 1066 2076 utique
1079 1997 1153 2050 non
1163 1978 1229 2051 istis
1246 1976 1290 2050 ab
1304 1978 1456 2073 ejusdem
1472 1980 1567 2053 orbis
1582 1979 1712 2054 unitate
1723 1979 1896 2075 sejunciis,

520 2154 524 2177 Ι,
568 2078 632 2155 sed
650 2078 712 2178 ipsi
732 2078 812 2151 orbi
829 2099 996 2151 terrarum
1015 2102 1076 2176 per
1090 2079 1385 2152 communionem
1398 2084 1623 2154 necterentur.
1667 2080 1802 2153 Verum
1814 2083 1846 2153 <ir
1858 2082 1897 2156 iu

520 2184 524 2209 ²
568 2180 647 2255 aliis
675 2176 1056 2275 sanioraseofit,quam
1073 2177 1175 2253 multi
1189 2177 1258 2251 suae
1283 2177 1380 2252 seciae
1394 2180 1565 2260 homines.
1615 2178 1755 2278 Scripsit
1782 2182 1892 2268 enirn,

520 2274 531 2373 ’,
566 2282 750 2379 Augustino
762 2279 859 2367 teste,
880 2282 935 2351 Ad
954 2281 1100 2357 Vincunt.
1131 2278 1233 2372 Eprsi.
1252 2303 1409 2356 xuvrrr.
1425 2304 1445 2351 a
1464 2278 1619 2353 ducentis
1634 2282 1665 2353 ἀ
1679 2279 1892 2379 septuaginta

520 2370 529 2467 ξ
566 2378 752 2482 Episcopis
767 2377 989 2454 Donatisticis
1001 2381 1171 2454 Concilium
1184 2379 1375 2475 Cartbagine
1389 2377 1625 2460 celebratum,
1645 2379 1683 2451 in
1702 2403 1776 2478 quo
1794 2383 1890 2451 Con·

520 2474 522 2497 ⁵
566 2483 656 2559 cilio
670 2510 730 2583 per
745 2480 998 2580 septuaginta&
1015 2485 1168 2578 quinque
1178 2479 1268 2564 dies,
1310 2476 1506 2577 postpositis
1519 2476 1686 2552 omnibus
1695 2480 1889 2578 praeteritis,

522 2652 528 2657 .
562 2583 727 2659 limatam
750 2580 813 2655 effe
838 2578 1059 2668 sententiam,
1079 2601 1197 2679 ¹atque
1213 2578 1412 2668 decretum,
1427 2596 1468 2651 ut
1482 2578 1721 2669 Traditoribus,
1748 2578 1892 2673 immensi

520 2745 545 2768 ,
563 2689 709 2762 criminis
724 2688 807 2770 reis,
816 2680 846 2775 fi
865 2681 1033 2773 bapticmi
1048 2683 1194 2773 nollent,
1211 2699 1270 2774 pro
1289 2683 1424 2777 integris
1444 2688 1738 2758 communicaretur.
1763 2689 1890 2760 Deute-

528 2784 770 2865 rrr'umetiam
796 2781 1028 2871 Macrinrnsem
1046 2782 1260 2884 Episcopum
1282 2780 1434 2875 ejusdem
1450 2784 1737 2871 communionis,
1779 2782 1892 2865 dicit,

558 2891 779 2959 :renatorum
793 2880 916 2977 piebem
932 2883 1068 2970 Ecciefiae
1099 2901 1319 2981 congregatam
1333 2880 1503 2975 tuisruiffi‘,
1542 2890 1586 2968 j&
1601 2884 1771 2973 secundum
1801 2886 1892 2968 iliius

562 2986 835 3079 Conciiiistatura
841 2979 950 3079 fecifflt
961 3007 1035 3056 cum
1049 2983 1278 3059 Tradiroribus
1293 2989 1470 3058 unitatem:
1483 2988 1573 3082 eique
1586 2988 1744 3058 Deuterr'o
1755 2985 1823 3081 poll
1834 2983 1891 3056 hoc

541 3086 691 3182 fitium
699 3084 826 3183 jugiter
841 3087 1076 3181 communicasse
1088 3092 1257 3162 Donatum
1272 3111 1280 3155 τ
1296 3108 1352 3158 nec
1362 3082 1463 3175 solum
1477 3081 1552 3158 huic
1569 3089 1744 3170 Deuterr‘o,
1762 3084 1824 3175 sed
1843 3089 1890 3161 (t

561 3189 723 3281 univerfis
738 3194 929 3261 Maurorum
944 3186 1098 3282 Episcopis
1108 3207 1163 3278 per
1178 3190 1388 3287 quadraginta
1404 3209 1521 3273 annos,
1539 3211 1615 3285 quos
1634 3188 1717 3259 dicit
1735 3184 1830 3285 usque
1842 3184 1890 3259 ad

554 3293 809 3396 persecutionem
822 3306 881 3386 per
890 3291 1080 3362 Maeotium
1084 3285 1207 3382 fatiam
1216 3283 1438 3362 Tradiroribur
1453 3284 1522 3377 fine
1536 3289 1697 3379 Baptismo
1712 3292 1887 3363 communi-

557 3393 653 3491 caffe.
704 3386 888 3487 Impendio
903 3386 979 3466 haec
996 3385 1240 3502 displicuerunt
1262 3391 1497 3473 Parmeniona,
1527 3386 1687 3461 obstinati
1717 3388 1825 3460 animi
1845 3412 1887 3462 ac

556 3489 687 3570 fervidi
703 3492 739 3563 in
764 3488 831 3561 enii
846 3487 952 3576 viro,
995 3512 1056 3585 qur
1077 3488 1124 3562 ita
1146 3487 1374 3563 differtantem
1401 3486 1673 3583 scribentemque
1706 3493 1890 3571 ticonium,

556 3617 676 3692 quum
688 3515 804 3664 fruita
816 3587 919 3661 literis
934 3582 1154 3686 compescere
1168 3609 1313 3664 conatus
1324 3583 1454 3670 fuiffet,
1478 3612 1521 3659 ex
1539 3585 1769 3682 nesciocuius
1787 3588 1882 3664 Con·

551 3693 633 3774 citii
654 3693 794 3767 decreto
808 3689 1032 3784 Anatiqernate
1051 3687 1226 3786 percussit.

666 3795 730 3870 IV.
756 3790 884 3863 Praeter
901 3788 972 3862 hoc
989 3794 1111 3863 Tironir'
1129 3792 1167 3864 in
1180 3785 1356 3864 schismate
1370 3783 1534 3876 schisma,
1571 3785 1663 3862 aliud
1675 3789 1819 3864 molitus
1834 3787 1879 3862 esi
1893 3800 1946 3865 lv.
1964 3794 2041 3856 Ire·

551 3899 704 3994 Rogatus
721 3899 863 3969 Maurus
874 3887 912 3963 irr
928 3892 1139 3964 Mauritania
1152 3890 1334 3984 Cofiareana
1342 3915 1356 3970 ;
1376 3890 1476 3983 cujus
1491 3890 1549 3985 qui
1561 3885 1791 3987 sequebantur
1801 3915 1878 3989 par-
1891 3878 2025 3938 ‘'lm''

554 4016 612 4072 tet
625 3992 756 4095 abipso
766 3989 949 4089 tuorna,
963 3988 1046 4064 dicti
1062 3989 1149 4064 sunt.
1212 3986 1369 4066 Cauffam
1385 3988 1605 4087 separationis
1625 3994 1781 4063 auctores
1805 4016 1880 4063 non
1893 3957 2015 4038 him·

552 4094 781 4174 tradiderunt.
830 4091 1018 4193 AEgerrime
1041 4110 1160 4165 tamen
1172 4091 1288 4173 hanc,
1312 4089 1538 4187 quantumvis
1552 4088 1737 4189 exiguam,
1761 4088 1882 4165 disces-

520 4273 522 4278 ,
550 4195 693 4280 fiunem
709 4197 864 4272 tulerunt
879 4190 1210 4290 Donaririaereliqui:
1232 4190 1418 4286 implorata
1430 4191 1556 4272 firmi,
1596 4214 1641 4261 eo
1657 4209 1814 4289 tempore
1826 4209 1883 4283 ty·

550 4294 784 4380 mnnidemin
803 4294 1052 4370 Mauritaniam
1068 4289 1277 4377 exercentis,
1303 4316 1373 4390 ope
1401 4288 1444 4363 ad
1470 4289 1660 4363 temerariae
1685 4287 1880 4365 seceffionie

551 4398 763 4489 viantum
810 4396 965 4475 ineunt
981 4395 1013 4471 ἃ
1028 4394 1085 4473 alii
1094 4444 1108 4490 ,
1134 4391 1195 4494 qui
1209 4387 1539 4469 discretosacaeteris
1552 4389 1740 4468 formantes
1752 4410 1879 4479 coetur,

1180 4490 1315 4574 Hhht
1342 4508 1364 4586 a
1772 4488 1878 4572 Uriu-
