4909 5425
736 423 802 499 Au
838 423 1008 499 Mores
1039 420 1241 496 Auerna
1278 420 1621 526 Prurrraucrrn
1814 457 1853 520 9,

493 543 684 625 vicinioris
716 546 809 644 regis
837 545 1033 630 educatus,
1061 542 1305 658 &omnibus
1339 542 1596 721 AEgygtiorum
1629 548 1783 648 artibus,
1806 556 1846 634 ia

494 649 631 763 quibus
664 646 701 722 δι
734 644 963 745 Geographia
995 656 1086 729 erat,
1114 641 1326 722 rnllruilusi
1352 642 1409 720 ll.
1462 643 1658 724 redibilene
1689 652 1739 729 est
1768 677 1846 733 me.

493 747 567 823 ltus
592 750 671 823 baec
696 743 799 824 Mose
830 740 960 821 scivisse
991 742 1183 819 obscurum
1208 740 1442 820 Sacerdotem
1466 742 1747 837 Samaritanum‚
1774 757 1844 832 mi.

492 845 613 923 serum
639 847 847 946 captivum,
872 842 1006 918 nullius
1032 837 1205 942 sapientiae
1231 844 1383 917 nomine
1405 841 1606 929 celebrem,
1629 845 1667 921 dc
1697 851 1757 924 cui
1777 876 1843 952 per

489 957 747 1047 paupertatem
778 941 1083 1041 &captivitatem
1109 963 1188 1015 non
1214 938 1315 1016 licuit
1348 940 1500 1018 curiosas
1535 948 1840 1043 peregrinationes

489 1045 707 1122 instituere?
731 1040 794 1121 lV.
814 1039 916 1120 Dato
940 1041 1128 1117 hominem
1150 1039 1188 1115 in
1209 1036 1374 1118 Chaldaea
1390 1039 1586 1118 versantem
1606 1043 1732 1123 melius
1753 1047 1840 1129 scire

491 1143 586 1244 quid
613 1142 655 1220 sit
678 1140 809 1226 Pison,
829 1163 940 1242 quam
960 1141 1023 1241 qui
1048 1149 1191 1215 aetatem
1220 1138 1260 1212 in
1284 1136 1444 1237 AEgypto
1471 1142 1589 1218 trivit:
1619 1155 1654 1219 at
1683 1146 1780 1223 unde
1796 1147 1842 1227 fi.

491 1266 541 1320 ve
571 1241 786 1327 Chaldaeus,
812 1239 883 1317 live
907 1238 1122 1338 AEgyptius,
1145 1235 1231 1314 scire
1256 1239 1378 1336 potuit
1395 1236 1561 1317 Pisonem
1583 1263 1666 1318 eum
1688 1242 1839 1327 fluvium

490 1337 564 1421 esse
586 1343 650 1445 qui
678 1363 726 1419 ex
757 1338 910 1419 Hedene
942 1335 1107 1438 processit
1142 1335 1185 1413 ad
1221 1333 1442 1434 irrigandum
1474 1338 1624 1417 hortum
1661 1341 1840 1431 Paradili?

490 1440 586 1520 Hoc
606 1453 702 1519 cette
722 1437 895 1541 cognosci
918 1459 996 1513 non
1029 1437 1152 1537 potuit
1176 1433 1240 1512 nili
1274 1455 1321 1510 ex
1348 1434 1564 1523 revelatione
1597 1437 1755 1531 Divina,
1782 1445 1839 1523 vel

494 1562 549 1615 ex
568 1537 755 1618 maritione
807 1542 984 1615 rimorum
1006 1548 1219 1636 parentum3
1246 1545 1435 1634 utramque
1462 1549 1582 1617 autem
1612 1539 1723 1643 longe
1753 1543 1839 1625 saci·

494 1638 569 1715 lius
587 1641 625 1716 in
647 1637 750 1718 Mose
774 1564 835 1715 His
854 1638 980 1722 iceris,
1007 1658 1116 1751 quam
1134 1638 1172 1711 in
1193 1635 1323 1737 quovis
1340 1633 1422 1711 alio.

546 1735 768 1819 XXXIV.
803 1662 902 1817 lfinc
925 1747 1042 1836 pergit
1069 1733 1114 1810 ad
1146 1732 1288 1815 Gemx.
1309 1746 1341 1823 8.
1368 1758 1424 1812 rr.
1475 1743 1627 1816 l'raetem
1662 1734 1835 1846 Cusch‘ge·
1850 1765 1993 1839 xxxiv.

488 1847 571 1914 nuit
592 1838 815 1924 Ninrvduan,
841 1840 891 1932 rste
914 1843 1001 1934 capit
1021 1853 1126 1929 potens
1146 1835 1199 1932 qia
1221 1842 1256 1909 ia
1281 1852 1376 1910 terra.
1428 1838 1484 1932 Iste
1503 1840 1575 1936 fuit
1601 1860 1706 1933 potens
1736 1873 1834 1922 uena.
1852 1842 1997 1929 Gemma.

487 1948 580 2015 tione
602 1964 707 2016 mane
728 1938 876 2034 Jelrooa:
897 1953 1054 2031 prmmm
1076 1933 1141 2011 dici
1153 1935 1253 2028 solet,
1279 1952 1434 2036 tanquam
1466 1942 1628 2027 Nimrad,
1651 1962 1756 2034 potens
1780 1975 1835 2023 ve·
1852 1946 1898 1998 ¹⁸·
1922 1950 1928 1955 ’

490 2045 746 2115 nationem
766 2038 898 2135 Jehoua.
952 2043 1031 2110 Erat
1048 2041 1130 2110 enim
1146 2041 1333 2127 principium
1354 2042 1440 2133 regni
1458 2041 1517 2132 dm
1539 2039 1654 2126 ualet,
1679 2041 1720 2129 &⁴
1743 2053 1839 2136 Erec,

495 2135 542 2223 (θ’
564 2137 684 2230 arcad,
706 2136 747 2226 ό·
768 2138 866 2211 Calue
883 2144 918 2210 in
937 2157 1023 2210 terra
1046 2140 1168 2209 Sinear.
1220 2141 1353 2208 literra
1378 2135 1435 2209 hac
1450 2137 1586 2229 procffr
1607 2145 1694 2235 ints
1757 2151 1839 2224 ‘aaz
1996 2189 1999 2193 -
2035 2222 2050 2235 κ

496 2235 560 2309 ubi
577 2236 743 2336 affaris
761 2243 928 2322 Niniven,
955 2230 1192 2324 &siechobotae
1209 2230 1344 2317 urbem,
1371 2232 1412 2320 ό·
1435 2235 1613 2314 Celadum.
1664 2237 1699 2316 U
1726 2243 1738 2316 i
1757 2242 1839 2322 Cri.

497 2337 593 2413 ticus
614 2334 775 2414 observat
796 2336 893 2411 duo:
920 2332 945 2411 l.
1008 2330 1085 2407 uod
1105 2329 1309 2410 exactitudo
1329 2330 1386 2408 illa
1410 2332 1449 2409 in
1476 2331 1713 2414 describendis
1740 2344 1840 2421 urbi.

492 2435 567 2512 bus
588 2433 862 2551 Mesopotamiae
887 2431 924 2507 δι
958 2431 989 2510 Α
1017 2432 1122 2531 yriae,
1149 2453 1235 2509 eum
1276 2430 1438 2509 videatur
1470 2433 1628 2514 indicare
1657 2437 1840 2520 audor'em

491 2535 561 2635 qui
584 2534 624 2611 in
646 2533 719 2610 istrs
743 2531 952 2633 regionibus
974 2529 1126 2607 versatus
1150 2531 1236 2625 ·est;
1264 2552 1382 2632 neque
1413 2532 1600 2632 probabile
1628 2535 1694 2624 sit,
1719 2539 1840 2618 autio-

488 2656 574 2710 rem
599 2630 991 2750 ficum-quicunque
1026 2627 1177 2746 demum
1199 2629 1327 2744 merit,
1354 2654 1469 2805 {auum
1494 2633 1695 2713 admodum
1729 2661 1840 2737 gene·

489 2736 603 2811 ratim
624 2732 670 2811 de
692 2746 826 2811 caetens
852 2730 1211 2824 uatrombus,et1am
1246 2730 1292 2806 de
1317 2752 1354 2830 tp
1368 2752 1398 2805 rs
1431 2731 1613 2811 Cananaeis
1649 2735 1833 2835 loquatur,

491 2832 540 2909 ad
563 2844 637 2910 tam
657 2830 844 2933 specialem
863 2829 968 2927 hujus
989 2829 1145 2927 regionis
1168 2827 1447 2928 descriptionem
1471 2829 1684 2908 descendere
1704 2833 1835 2911 voluis·

489 2930 551 3017 sea
578 2928 606 3009 fi
631 2934 759 3008 vixerit
780 2929 903 3007 multis
928 2926 1051 3005 seculis
1084 2941 1278 3031 antequam
1302 2925 1460 3005 Israelitis
1486 2933 1750 3006 commercium
1773 2932 1835 3009 ali.

518 3031 600 3109 uod
635 3027 825 3108 intercessit
859 3050 946 3107 cum
980 3028 1148 3129 gentibus
1185 3040 1282 3104 trans
1321 3024 1540 3122 Euphratem
1581 3028 1833 3110 habitantibus.

551 3130 671 3229 Quod
696 3129 835 3208 dicatur
867 3125 1026 3206 Nimrod
1063 3123 1243 3204 aediiicasse
1274 3124 1453 3210 Niniven,
1479 3126 1518 3202 id
1547 3127 1596 3204 est
1626 3128 1678 3205 ibi
1707 3130 1836 3211 urbem

482 3225 684 3317 creavisse,
709 3229 773 3308 ubi
795 3228 965 3326 deinceps
987 3223 1134 3304 condita
1151 3224 1218 3302 suit
1240 3222 1395 3308 Ninive,
1421 3220 1471 3303 fic
1494 3223 1586 3306 dida
1605 3251 1628 3307 e
1646 3227 1748 3308 Nino
1768 3229 1834 3311 lie·

492 3327 640 3417 lililio,
694 3330 731 3405 ui
753 3330 842 3405 vixit
874 3328 968 3403 circa
1003 3335 1168 3425 tempora
1194 3323 1373 3413 Deborae,
1400 3322 1563 3404 duoentis
1592 3328 1674 3429 post
1703 3328 1834 3410 Mosen

491 3429 607 3607 idle
700 3449 754 3604 ⁰²5
777 3426 953 3605 lrls‘
971 3421 1186 3604 §stlta
1205 3422 1610 3604 ‘assmpsit
1630 3430 1835 3607 blida

488 3629 544 3706 nil
561 3549 748 3705 affinem
772 3625 976 3724 conjectura
996 3546 1069 3711 estp,
1096 3625 1108 3698 i
1134 3621 1172 3699 so
1201 3620 1333 3736 satente
1358 3579 1508 3706 siritico,
1555 3626 1663 3705 Nulla
1684 3627 1744 3704 hic
1766 3648 1831 3705 00.

487 3728 607 3808 currit
629 3724 857 3816 maerendo,
882 3746 991 3826 quam
1013 3720 1060 3798 de
1130 3720 1189 3799 ose
1210 3743 1290 3798 non
1309 3719 1414 3798 lrceat
1430 3723 1648 3823 praesumere.
1701 3725 1743 3805 11.
1756 3725 1830 3804 slli-

489 3832 533 3909 hi
553 3824 704 3929 quidem
723 3825 851 3924 religio
877 3822 945 3910 est,
971 3821 1072 3898 claris
1097 3818 1298 3923 disertisque
1318 3822 1434 3898 verbis
1462 3823 1730 3926 interpretando
1754 3827 1830 3902 vim

489 3925 634 4005 inferre.
698 3925 774 4005 Cur
805 3924 925 3999 minus
955 3921 1135 3998 credimus
1173 3918 1396 3998 Nimrodum
1437 3920 1595 4000 Niniven
1631 3921 1829 4021 condidisse

522 4049 604 4104 uam
622 4036 766 4105 caeteras
787 4020 914 4100 urbes?
941 4018 999 4098 lll.
1020 4018 1212 4097 Rationem
1232 4017 1537 4098 denominationis
1562 4025 1733 4100 incertam
1760 4017 1828 4101 effe

493 4051 709 4203 dodissimus
732 4123 885 4204 criticus
911 4143 989 4198 non
1009 4119 1160 4217 ignorat
1210 4118 1248 4197 Si
1269 4141 1388 4195 revera
1411 4121 1580 4198 exstiterit
1599 4121 1678 4199 Rex
1700 4120 1744 4196 ali
1772 4124 1827 4202 uis
1909 4203 1922 4214 ,

490 4226 635 4314 Ninus,
659 4222 751 4301 nihil
773 4221 887 4299 obstat
906 4242 981 4322 quo
1010 4219 1131 4295 minus
1154 4216 1245 4295 iilius
1267 4215 1372 4294 suerit
1391 4218 1583 4336 Nimrodi,
1605 4220 1670 4320 qui
1694 4217 1741 4297 de
1799 4224 1825 4301 ii

488 4327 543 4406 sui
561 4326 716 4403 nomine
739 4321 868 4399 urbem
887 4318 1168 4420 nuncupaverit,
1195 4329 1236 4395 ut
1256 4316 1293 4394 δι
1319 4316 1418 4397 Cain
1435 4317 1530 4396 Gen.
1548 4338 1602 4396 rv.
1615 4339 1672 4416 17,
1689 4317 1751 4399 IV.
1760 4319 1825 4402 ra.

489 4424 616 4507 bulusa
633 4423 722 4504 Nini
743 4421 886 4501 historia
907 4442 986 4499 nou
1011 4416 1390 4594 debet.praejr}gicrum
1421 4437 1540 4498 creare
1564 4415 1665 4498 sacris
1690 4420 1823 4503 literis:

1298 4539 1323 4606 2
1780 4544 1828 4602 ex
