4909 5425
778 488 848 565 Dr
887 488 1171 565 Puorrrurrs
1213 498 1336 555 nura
1367 485 1547 559 Lucam
1783 513 1838 578 rar

522 603 804 931 Hddenus
840 602 887 680 de
921 602 1109 703 Prophetis
1149 603 1348 701 generatim
1382 604 1522 700 egimus
1555 622 1566 676 t
1604 620 1704 680 nunc
1736 603 1838 686 lubet
1850 631 1872 696 l.
1885 636 1956 699 Tres

676 726 882 783 urscournnr
912 723 1186 779 rnncuuonurr
1215 708 1496 780 Pnoaueranuu
1536 715 1756 792 contexere,
1797 710 1834 784 ἃ
1844 719 1993 791 proptera.

673 806 853 904 inquirere
881 800 1030 901 quando
1055 806 1201 892 inceperit
1222 795 1423 895 prophetiae
1449 793 1591 877 donum
1615 803 1654 877 &
1678 826 1832 894 munus,
1848 802 2007 884 rumpem-

674 899 868 1005 quomodo
889 908 1110 974 continuarum
1132 895 1197 982 srt,
1224 917 1271 972 an
1298 893 1382 970 deni
1408 919 1455 971 ue
1492 895 1531 971 &
1561 900 1710 1000 quando
1744 871 1888 997 date-‘¹¹'

521 1008 567 1079 t?
589 1002 679 1081 Tres
702 1012 822 1078 autem
846 1012 1057 1098 temporum
1086 994 1258 1096 periodos
1286 992 1388 1070 distin
1423 1020 1443 1071 e
1473 995 1695 1077 considerare
1727 1000 1832 1093 licet,

521 1104 615 1181 tibus
631 1097 873 1179 diversimode
892 1098 993 1175 Deus
1014 1094 1244 1197 prophetiam
1262 1090 1480 1192 dispensavit
1529 1103 1556 1177 1.
1575 1107 1678 1179 Aure
1706 1120 1833 1179 mom

521 1212 697 1283 osticam.
740 1208 772 1278 11
800 1205 870 1277 Soa
907 1216 1013 1271 tuot.
1051 1201 1110 1274 111.
1135 1201 1205 1273 Sua
1233 1200 1459 1271 Etnuoano·

529 1294 580 1377 ll.
606 1300 716 1375 Anna
747 1304 914 1378 Leaen,
947 1293 1012 1392 qui
1046 1291 1186 1391 primus
1221 1288 1448 1375 hominum,
1485 1290 1583 1368 idern
1618 1292 1657 1369 u
1691 1298 1827 1396 primus
1841 1333 1878 1400 ῃ,
1891 1340 2007 1407 pm

521 1394 745 1498 ophetarum
769 1391 844 1468 fuit
896 1391 1037 1468 Aorno
1061 1391 1159 1493 enim
1183 1385 1228 1464 ad
1258 1388 1311 1462 im
1358 1392 1455 1466 inem
1493 1389 1591 1469 suam
1624 1408 1763 1484 creato,
1790 1400 1827 1474 &
1840 1419 1990 1484 hominum

521 1516 675 1594 magna
703 1490 825 1568 secum
852 1487 1086 1566 familiaritate
1122 1485 1294 1573 versanti,
1332 1487 1469 1588 eipsum
1494 1504 1577 1567 ante
1601 1496 1725 1572 omnia
1761 1520 1827 1575 co.
1841 1499 1954 1571 primus

521 1590 734 1671 roscendum
765 1589 919 1690 praebuit
952 1588 1080 1674 Deus,
1105 1601 1178 1664 tarn
1203 1585 1401 1663 secundum
1435 1612 1477 1666 ea
1512 1613 1592 1691 quae
1623 1605 1747 1673 natura
1781 1599 1826 1675 de
1841 1574 1961 1650 Prophe.

521 1704 575 1769 teo
596 1692 726 1769 docere
750 1689 888 1790 potest,
916 1711 1026 1789 quam
1054 1710 1134 1788 quae
1168 1708 1246 1762 non
1270 1682 1405 1763 nisiex
1474 1689 1579 1767 atiosa
1608 1662 1940 1808 revelationefssfffm

521 1788 686 1869 serantur:
709 1811 786 1890 quo
812 1786 932 1864 reserri
960 1786 1091 1877 debete
1114 1785 1278 1864 unius&
1303 1711 1497 1865 individdae
1525 1791 1670 1868 unitatis
1695 1794 1734 1869 in
1762 1798 1827 1872 tri·

521 1910 551 1967 u
571 1886 733 1991 personis
750 1885 1022 1973 subsistentiam,
1049 1885 1133 1962 alibi
1159 1884 1312 1962 anobis
1343 1887 1625 1966 demonstratum
1655 1890 1712 1969 eit
1765 1895 1827 1974 Ei.

520 2012 568 2065 nn
590 2009 742 2089 quoque
788 1986 929 2063 arefecit
952 1986 1120 2064 ordinem
1143 1986 1333 2062 creationis
1365 1987 1541 2081 universi,
1568 1988 1827 2072 sormationem

520 2089 652 2187 injugit
674 2108 723 2163 ex
762 2088 798 2163 ui
826 2085 1040 2161 dormientis
1074 2085 1190 2171 coila,
1217 2080 1446 2163 interditum
1480 2085 1527 2164 de
1551 2111 1629 2165 non
1654 2092 1828 2190 gustanda
1944 2137 1946 2141 ·

520 2187 613 2265 bore
633 2184 786 2263 scientia
808 2184 900 2261 honi
925 2185 963 2260 ἃ
985 2185 1094 2270 mali,
1120 2184 1158 2257 δι
1189 2206 1271 2283 quae
1303 2183 1369 2260 alia
1405 2208 1490 2263 eum
1518 2186 1604 2265 scire
1641 2210 1665 2265 o
1694 2195 1829 2282 ortuit‚

520 2286 618 2363 iim
647 2286 762 2362 erium
783 2286 821 2359 in
845 2307 901 2360 ret
927 2307 947 2360 a
979 2282 1013 2360 se
1045 2282 1212 2360 conditae
1241 2281 1447 2360 crediderat
1498 2283 1582 2365 Post
1605 2212 1743 2388 lardum
1766 2314 1828 2369 au-

580 2386 594 2481 j
691 2382 940 2485 indignatione
963 2406 1049 2459 eum
1079 2382 1279 2482 increpuit,
1305 2380 1515 2461 sententiam
1547 2392 1824 2485 pronunciavit,

523 2548 528 2555 .
570 2483 677 2561 uibut
707 2506 794 2561 cum
831 2481 1035 2584 posteritate
1065 2480 1124 2558 sua
1150 2480 1252 2557 malis
1283 2481 1509 2561 multlandut
1538 2481 1623 2562 esset
1649 2490 1826 2566 enarravit

601 2606 632 2661 e.
681 2580 855 2684 Denique
882 2579 1137 2758 Lucundillimo
1167 2579 1330 2681 alloquio
1362 2581 1491 2661 solatur
1515 2582 1591 2671 est,
1617 2595 1717 2686 quo,
1744 2586 1825 2664 hre-

520 2676 624 2762 ffimit
643 2681 794 2785 quidem
819 2704 881 2758 ver
907 2683 962 2768 is,
989 2683 1100 2758 totius
1126 2692 1248 2757 tamen
1270 2677 1453 2782 Evangelii
1491 2680 1629 2761 summa
1657 2706 1826 2786 compre-

520 2781 670 2874 nditur,
693 2782 777 2860 alibi
797 2779 902 2858 fufius
920 2777 1091 2882 exposita.
1141 2778 1248 2862 Hanc
1264 2780 1492 2878 aenigmatico
1511 2785 1670 2883 primum
1689 2782 1826 2861 sermo·
1902 2815 1904 2819 ·

520 2880 749 2984 tprolatam,
776 2880 944 2980 credibile
967 2880 1016 2958 est
1035 2878 1162 2959 Deum
1191 2879 1416 2980 aliquantoe
1468 2881 1618 2956 lanarius
1651 2881 1779 2958 deince
1806 2905 1823 2959 s

520 2977 623 3058 lamo
644 2978 844 3071 tradidisse,
895 2982 930 3056 ui
951 3003 1033 3057 eam
1057 2981 1137 3055 viva
1165 2977 1237 3055 lide
1260 2976 1441 3077 apprehen
1456 3002 1535 3065 am,
1562 2980 1616 3053 uti
1645 2906 1822 3079 pretiosdi·

519 3101 609 3158 num
630 3077 854 3180 depolitum,
867 3002 1029 3157 tdollicite
1049 3076 1290 3169 conservavit,
1315 3098 1361 3152 ne
1388 3099 1434 3152 ue
1453 3077 1614 3177 neglexit
1634 3100 1721 3154 cum
1739 3078 1820 3155 iiliir

520 3179 735 3281 ‚nepotibus
763 3182 1045 3256 communicare.
1096 3175 1186 3256 Haec
1216 3198 1266 3253 ex
1294 3100 1407 3255 Modo
1435 3176 1727 3268 commentariis,
1751 3178 1823 3254 rei·

519 3297 551 3356 te
571 3277 585 3354 i
613 3275 681 3356 hur
700 3291 847 3364 natura,
873 3299 953 3354 non
978 3274 1115 3354 difficili
1134 3274 1350 3352 colletlione
1372 3274 1581 3353 inseruntur.

523 3299 612 3458 ml>
627 3375 867 3458 tietmarum
887 3376 1047 3476 Magistri
1067 3376 1187 3460 aiunt,
1213 3373 1382 3452 codicem
1405 3375 1608 3476 quendam,
1633 3373 1816 3455 coelestem
1826 3421 1878 3487 111.
1894 3426 1974 3489 Vm·

519 3475 683 3556 alentiam
714 3478 995 3563 continentem,
1027 3497 1048 3552 a
1082 3473 1253 3553 Domino
1288 3471 1507 3552 secretorum
1542 3477 1684 3555 Adamo
1719 3473 1963 3566 suissemmffl.

519 3573 661 3661 ditum.
710 3575 837 3672 Quem
861 3573 1009 3676 quidem
1030 3572 1150 3651 secum
1170 3571 1333 3653 Paradiso
1359 3572 1482 3650 efferre
1501 3589 1653 3654 conatus
1670 3573 1733 3669 stt3
1757 3575 1815 3653 sed
1828 3581 1988 3681 brorum·

519 3685 642 3778 zatum
663 3675 815 3753 uixdum
838 3670 995 3775 egresso,
1021 3675 1060 3751 &
1082 3676 1121 3750 in
1153 3672 1294 3752 coelum
1323 3670 1535 3751 suhdusium
1560 3673 1667 3752 luisse.
1720 3659 1986 3795 Moxffgddtm

519 3797 600 3854 taen
621 3775 667 3854 ad
686 3777 764 3872 ejus
782 3774 1081 3875 supplicationem
1101 3771 1326 3858 restitutum,
1352 3794 1395 3848 ea
1419 3769 1521 3872 lege,
1550 3786 1592 3851 ut
1611 3774 1815 3874 sapientiam
1826 3748 1987 3894 c'tersisfm

519 3873 569 3952 'tbi
602 3887 817 3954 contentam
841 3897 928 3950 curn
958 3874 1160 3974 posteritate
1191 3872 1490 3950 communicaret
1541 3872 1708 3952 Ridicula
1736 3875 1817 3974 qui-

519 3995 566 4050 m
585 3971 664 4052 haec
693 3975 808 4075 prima
841 3971 960 4048 sronte
987 3972 1173 4048 videntur:
1200 3983 1238 4048 at
1269 3972 1459 4048 continent
1483 3970 1681 4050 catechesm
1706 3971 1818 4048 Vete-

519 4093 584 4165 tn,
605 4095 649 4152 ac
666 4073 877 4176 parabolioo
897 4069 1061 4147 sermone
1087 4070 1273 4171 sequentes
1299 4072 1461 4147 veritates
1491 4071 1637 4150 docent
1687 4069 1712 4149 1.
1737 4067 1818 4148 No·

518 4169 596 4250 im
613 4171 830 4254 Divinarum
850 4194 973 4248 rerum
995 4171 1035 4246 in
1059 4168 1150 4247 statu
1178 4170 1388 4269 integritatis
1412 4166 1554 4250 ndamo
1583 4167 1681 4247 suisse
1711 4191 1815 4246 corn-

519 4272 718 4359 micatam,
743 4271 874 4372 partim
898 4293 963 4371 per
983 4277 1169 4367 urimo,
1192 4267 1315 4371 quoad
1340 4270 1376 4342 ad
1403 4272 1526 4358 mede
1554 4266 1603 4342 vs
1619 4273 1707 4361 Qus,
1732 4291 1816 4369 par.

518 4393 545 4448 n
571 4395 640 4474 per
673 4370 874 4460 tundatur
906 4370 967 4445 uh
1001 4377 1169 4468 pac-qm.
1220 4366 1263 4446 ll.
1285 4367 1466 4446 Notitiam
1499 4389 1579 4446 eam
1611 4391 1741 4469 magna
1766 4389 1815 4445 ex

518 4483 576 4552 tte
601 4467 761 4552 emiliam
779 4466 903 4564 trttie,
923 4471 1023 4573 justo.
1039 4470 1114 4554 Dei
1129 4468 1297 4648 judiclqo,
1322 4490 1399 4569 quo
1427 4465 1639 4550 vindicabat.
1652 4463 1821 4549 unnim
