4909 5425
411 666 597 755 ledilone
614 665 660 752 in
691 662 1215 767 intellciiioneesacrarum
1245 666 1480 753 Literarum
1509 666 1716 776 proficere
1733 677 1888 777 queat.
1930 660 1940 687 ⁶

377 806 379 811 ’
411 778 502 866 Nili
524 778 705 866 fortaliis
723 780 918 868 ultimam
939 777 1319 882 Differtationem,
1346 780 1406 864 De
1423 778 1618 885 Sebifinate
1636 775 1887 881 Domestica,

414 892 609 1004 excipere
628 894 756 981 libeat
779 922 791 982 ε
820 922 914 1008 quae
944 911 1038 981 tota
1058 894 1260 980 historica
1283 892 1371 984 est;
1405 893 1584 1000 &cujus
1610 897 1770 1003 scriptae
1787 889 1887 975 edi-

414 1021 554 1117 taque
577 1008 842 1094 occationem
865 1066 878 1112 ‚
908 1006 1114 1098 drusum,
1147 1008 1191 1092 in
1208 1004 1332 1090 illius
1357 1004 1538 1090 exordio
1557 1004 1700 1099 docui,

468 1119 574 1203 Haec
604 1139 746 1209 autem
770 1176 782 1212 ‚
808 1120 1131 1231 ‚qualiacunque
1154 1123 1261 1209 lint,
1304 1117 1582 1202 lllustrillimo
1605 1116 1889 1201 nominituo

412 1228 638 1327 inscribere
668 1232 802 1317 visum
831 1231 924 1324 fuit.
981 1233 1116 1343 Cujus
1150 1232 1210 1317 rei
1239 1257 1388 1340 graves
1424 1231 1593 1341 oppido
1617 1225 1774 1316 caulas
1804 1232 1889 1312 ha·

412 1344 532 1451 beo;
561 1370 742 1457 quacum
775 1343 866 1431 alie
897 1343 1007 1429 mihi
1039 1371 1139 1430 cum
1161 1343 1328 1431 civibus
1360 1343 1467 1427 meis
1488 1369 1766 1430 communes,
1791 1341 1891 1429 aliae

413 1454 552 1568 magia
584 1452 767 1568 propriu
790 1457 896 1543 sunt
952 1459 1117 1543 Omnes
1145 1470 1372 1569 quotquot
1398 1453 1614 1543 Dioccefin
1642 1453 1892 1561 Ultraiedii·

414 1574 518 1655 nam
535 1567 784 1662 incolimus,
816 1569 1139 1657 venerationem
1164 1572 1366 1655 debemus
1386 1565 1624 1682 -infignibus
1647 1566 1892 1654 virtutibus

415 1679 530 1779 tuie,
557 1678 711 1791 quibus
728 1707 817 1767 non
835 1683 979 1768 minus
999 1708 1129 1794 quam
1147 1680 1402 1770 auctoritate
1418 1680 1457 1768 br
1474 1680 1686 1794 potestate
1701 1682 1891 1774 emines.

416 1793 703 1903 omniumque
735 1795 977 1880 commodis
1008 1794 1165 1883 affidue
1191 1792 1397 1906 invigilas.
1485 1794 1535 1880 Et
1565 1819 1659 1906 quo
1695 1794 1891 1907 quisque

415 1905 552 1992 modo
567 1903 685 2017 potis
700 1905 784 2012 est,
813 1907 1129 1994 venerationem
1150 1906 1273 1993 istam
1300 1906 1342 1994 bt
1361 1906 1557 1994 verbis&
1583 1932 1715 2017 opere
1734 1925 1886 1993 conte·

414 2016 513 2125 stari
532 2017 752 2109 convenit.
808 2023 956 2106 Patere
966 2048 1072 2134 ergo
1090 2020 1170 2111 tibi
1189 2046 1304 2106 nunc
1324 2019 1431 2113 dici,
1462 2021 1557 2106 VIR
1583 2021 1877 2105 ILLUSTRls-

414 2127 565 2222 stuli,
596 2131 716 2241 quod
734 2158 787 2217 ne
806 2133 859 2216 de
878 2152 921 2218 te
949 2135 1113 2221 dicatur
1133 2133 1278 2219 omnis
1305 2131 1514 2220 modestia
1537 2151 1610 2218 tua
1638 2154 1783 2218 vetare
1806 2148 1887 2217 aut

414 2240 552 2329 vitare
572 2243 750 2354 nequit:
794 2263 938 2358 patere
972 2266 1022 2334 ut
1043 2248 1374 2358 quodammodo
1403 2245 1563 2359 speculi
1593 2244 1689 2330 vice
1708 2247 1891 2357 fungar,

396 2354 520 2453 &se
534 2355 613 2441 tibi
632 2355 872 2464 ostendam,
902 2385 1041 2472 neque
1065 2387 1209 2456 verere
1234 2388 1288 2443 ne
1315 2360 1456 2444 minus
1495 2359 1757 2445 confiderem
1778 2359 1894 2470 quid

415 2453 543 2575 anion
566 2488 649 2554 tore
672 2472 779 2555 ferte
799 2471 980 2582 poliret,
1010 2499 1141 2601 quam
1167 2473 1273 2585 quid
1300 2470 1531 2557 virtutibus
1557 2473 1770 2558 debeatur.
1817 2476 1895 2556 ln-

415 2580 620 2697 genium‚
651 2584 772 2693 quod
791 2603 939 2670 natura
968 2584 1045 2669 tibr
1062 2584 1178 2672 dedit
1204 2588 1436 2669 multarum
1454 2611 1795 2697 magnarumque
1820 2613 1895 2669 re·

415 2690 697 2808 rumscapum
726 2696 766 2782 δι
789 2699 908 2809 quod
923 2697 1010 2813 ipse
1026 2698 1170 2784 studiis
1190 2696 1403 2808 sapientia
1419 2694 1732 2810 diligentissime
1751 2726 1892 2782 exco-

415 2806 551 2912 luisti,
581 2809 914 2922 quamprimum
931 2827 1194 2923 peroetatem
1219 2808 1368 2914 licuit,
1397 2810 1561 2896 aditum
1581 2809 1660 2895 tibi
1673 2813 1725 2895 ad
1748 2810 1890 2920 magi·

416 2919 594 3008 liratmn
623 2923 879 3008 &honores
904 2924 1015 3020 fecit,
1103 2923 1189 3007 Ubi
1214 2949 1319 3008 mox
1341 2942 1550 3035 quantum
1580 2926 1738 3009 valeres
1752 2949 1891 3033 appa-

416 3033 536 3139 ruit,
564 3033 606 3120 bc
627 3034 730 3145 quid
750 3035 968 3123 committi
992 3036 1168 3123 solertiae
1194 3054 1280 3140 ture
1312 3031 1479 3149 pollet,
1508 3038 1549 3123 dr
1580 3054 1740 3147 quanta
1765 3035 1898 3121 deni.-

417 3169 507 3258 que
522 3148 794 3260 exspetlanda
821 3176 846 3235 a
865 3148 1091 3261 prudentia
1108 3167 1183 3236 tua
1198 3149 1343 3235 forent
1364 3148 1617 3263 postquam,
1647 3174 1787 3234 rerum
1807 3149 1894 3235 usu

397 3254 705 3364 ¹confirmata,
731 3256 1012 3363 maturuilset,
1061 3263 1176 3350 Nam
1201 3287 1296 3375 quae
1323 3263 1492 3377 [singula
1517 3260 1713 3379 partitim
1732 3286 1895 3376 quern-

417 3373 773 3486 quenobilitant,
1877 3425 1881 3432 ·

525 3486 572 3568 ln
593 3511 629 3566 re
650 3486 934 3596 mixtaestmti
961 3488 1009 3584 ἀ
1024 3484 1229 3601 quadimfi
1248 3487 1369 3573 beatos

404 3663 431 3701 ,.
529 3594 719 3712 Effmiumi
731 3660 747 3705 ,
772 3604 910 3683 castella
927 3624 1037 3684 tener.

418 3711 579 3800 Mentis
592 3739 670 3825 per
694 3739 872 3800 omnem
890 3715 1164 3802 honestarum
1182 3715 1341 3802 artium
1365 3719 1532 3801 cultum
1558 3713 1794 3801 exercitatae
1824 3710 1899 3798 ini

420 3826 628 3912 credibilis
658 3827 890 3937 sagacitas,
933 3830 1143 3915 memoria
1175 3831 1299 3945 supra
1327 3830 1455 3914 fidem
1484 3846 1647 3928 tenax,
1685 3827 1899 3940 priscae&

397 3939 671 4026 *recentioris
700 3939 886 4027 historia
924 3943 1065 4027 cratia
1094 3943 1285 4054 peritia,
1338 3942 1464 4027 suada
1500 3938 1846 4053 incomparabilis
1879 3997 1899 4031 2·

419 4052 509 4136 live
533 4059 761 4139 vernacule
789 4055 874 4140 live
902 4055 1063 4142 Gallice
1089 4055 1317 4142 dicendum
1344 4057 1492 4158 foret,
1534 4053 1754 4164 diligentia
1773 4056 1903 4138 nulla·

421 4160 661 4251 alliduitate
679 4167 919 4283 fatiganda,
948 4170 987 4255 ἃ
1012 4169 1187 4280 negotia
1220 4195 1299 4281 pro
1318 4167 1472 4254 solatiis
1486 4166 1728 4278 accipiens,
1766 4164 1905 4248 indo·
1936 4267 1938 4272 Ι

421 4279 483 4367 les
498 4278 635 4362 erebia
652 4278 691 4363 ba
707 4285 936 4393 generosa,
978 4279 1169 4370 studium
1195 4284 1303 4372 bene
1322 4285 1375 4369 de
1409 4280 1581 4395 egregio
1605 4278 1780 4395 publico
1800 4303 1902 4475 obe»

1214 4444 1220 4453 ·
1748 4418 1824 4477 ren
1858 4413 1907 4486 r.
