4909 5425
671 458 748 613 aro⁸
822 508 826 516 ¹
1071 524 1192 597 er.
1225 522 1253 595 1.
1320 522 1395 593 cs
1421 533 1451 585 r.
1487 516 1626 595 XXII.

673 653 845 724 vitiorum,
865 640 1047 732 fitlutiourm
1066 636 1253 721 damiatam,
1272 638 1487 732 refutationem
1505 662 1657 710 mortem.
1716 634 1814 713 Non
1838 636 1941 737 igilur
1957 638 2007 717 do·

673 744 745 819 ceri
766 750 978 839 perpetuum
1006 746 1114 834 atque
1144 732 1360 811 infallibilem
1397 730 1547 831 Spiritus
1566 732 1772 813 dudum:
1811 740 2005 839 quippecui

674 852 823 915 eventus
846 856 922 909 non
949 832 1007 907 res
1026 830 1169 907 ondeat.

492 985 551 1054 ΧΠ
565 986 593 1048 5·
614 999 657 1041 a·
723 932 819 1015 Xll.
845 931 924 1009 Nos
949 854 1091 1006 utiliora
1114 929 1158 1005 ad
1183 927 1255 1003 loci
1283 927 1389 1023 hujus
1422 927 1704 1009 elucidationem
1739 930 2003 1011 observabimus

491 1002 630 1139 ,Ηρρῇ
676 1034 702 1113 Ι.
728 1039 918 1123 domarim.
969 1025 1116 1104 Pelbma
1141 1027 1216 1101 haec
1240 1024 1289 1099 est
1314 1027 1567 1125 interpretandi
1598 1030 1722 1119 ratio,
1751 1042 1796 1107 ut
1828 1030 2006 1135 conquiln

493 1155 645 1205 turnare·
678 1129 863 1209 subtilitate
898 1138 1108 1201 extenuetur
1147 1125 1340 1198 verborum
1374 1122 1575 1220 emphasis,
1619 1126 1654 1202 δι
1699 1151 1787 1229 quae
1833 1130 2005 1233 magnifico

491 1222 544 1281 Μ’·
679 1228 849 1306 sermonis
882 1238 1051 1323 apparatu
1070 1224 1107 1297 in
1131 1223 1233 1297 sacris
1266 1218 1374 1294 literis
1405 1219 1593 1309 dicuntur,
1619 1227 1655 1299 in
1691 1240 1859 1305 tenuem
1887 1228 2005 1305 tandon

679 1326 813 1403 sensum
835 1332 971 1397 exeant
1065 1340 1147 1395 uem
1174 1316 1446 1393 commentandi
1470 1340 1612 1398 morem
1647 1346 1724 1421 prae
1752 1328 1904 1403 caeteris
1930 1328 2005 1405 Soci-

679 1425 777 1500 niani
800 1419 978 1495 scitantur.
1062 1420 1173 1493 tinam
1199 1437 1277 1490 non
1302 1437 1347 1490 ex
1376 1415 1506 1489 eodem
1555 1421 1712 1520 rincipio
1743 1422 1790 1499 srt
1820 1426 1935 1503 nostri
1958 1424 2005 1501 ho·

679 1521 786 1597 minis
809 1516 953 1619 querela
979 1510 1026 1591 de
1053 1514 1169 1591 modo
1201 1512 1377 1613 loquendi
1414 1441 1611 1593 admodum
1644 1519 1851 1618 figurato!
1891 1524 2008 1619 Quum

679 1621 732 1694 vis
752 1616 790 1692 id
816 1614 915 1715 quod
938 1614 1127 1713 figuratum
1153 1612 1215 1687 hic
1239 1610 1311 1695 est,
1336 1616 1582 1699 tabanum
1604 1614 1653 1691 fit
1709 1616 1792 1695 Vix
1821 1634 1945 1700 tamen
1967 1618 2009 1697 rb

679 1738 794 1817 gnum
819 1725 1022 1787 memoratu
1053 1720 1159 1795 erat,
1194 1730 1271 1785 non
1306 1710 1468 1807 promitti
1505 1711 1565 1787 hic
1598 1714 1787 1813 Apostolrs
1829 1720 2009 1797 absolutam

679 1809 974 1891 omniscientiam.
1026 1808 1120 1903 Quis
1151 1818 1226 1881 tarn
1249 1805 1409 1891 insanus,
1436 1818 1476 1882 ut
1497 1808 1544 1884 ‘id
1579 1809 1774 1891 somniet?
1820 1816 2014 1917 intelligas

680 1910 725 1987 da
763 1908 812 1985 est
845 1904 1028 2007 promissio
1050 1903 1206 2008 Domini
1233 1924 1300 2004 pro
1324 1901 1498 2001 subjecta,
1522 1918 1563 1983 ut
1595 1914 1719 2005 ajunt,
1746 1920 1918 1991 materia.
1963 1912 2034 1993 ὓ·

681 2020 874 2084 tamenne
904 2002 1097 2103 grandibus
1127 2001 1267 2087 verbis,
1294 2021 1373 2102 quae
1398 2005 1633 2083 maximarum
1667 2032 1798 2087 rerum
1832 2012 2008 2113 cogitatio}

680 2130 766 2183 nem
793 2107 914 2179 animo
940 2105 1168 2201 ingenerant,
1192 2100 1320 2197 exigua
1342 2114 1402 2175 aut
1426 2104 1633 2181 communia
1653 2106 1690 2181 ἀ
1713 2108 1926 2188 mediocria
1944 2132 2006 2211 pro·

681 2206 824 2281 mittere
847 2199 1035 2277 censeatur.
1085 2198 1174 2275 Non
1208 2198 1379 2275 convenit
1409 2199 1444 2272 id
1474 2222 1559 2275 cum
1584 2202 1815 2301 ingenuitate
1848 2206 2008 2293 Domini,

682 2324 801 2400 neque
838 2320 922 2375 cum
946 2296 1147 2375 inexhausta
1180 2296 1347 2373 bonitatis
1379 2295 1446 2371 suae
1478 2298 1690 2397 opulentia,
1730 2308 1797 2381 cui
1837 2302 2007 2409 ndnquau

684 2399 780 2474 deest
826 2396 902 2472 uod
924 2396 1097 2492 largiatur.

732 2421 855 2573 ΧΙἹΙ.
883 2502 926 2567 ll.
943 2492 1050 2569 Nulla
1073 2492 1164 2567 ratio
1185 2490 1258 2576 est,
1311 2512 1364 2567 uae
1388 2492 1448 2569 hic
1469 2492 1514 2568 de
1539 2496 1670 2595 Spiritu
1694 2500 1897 2590 dicuntur,
1923 2500 2003 2581 eard

682 2598 838 2683 spartum
864 2592 1099 2663 miraculorum·
1113 2587 1250 2663 ardore.
1285 2514 1362 2666 qDe
1388 2612 1434 2667 eo
1468 2596 1564 2669 enim
1591 2595 1724 2692 Spiritu
1756 2602 1884 2699 agitur
1917 2622 1999 2703 que!

682 2699 725 2766 ut
749 2687 800 2764 sui
825 2688 996 2762 vicarium
1022 2684 1178 2765 Christus
1209 2688 1419 2787 promittit;
1455 2694 1517 2789 qui
1544 2694 1593 2773 est
1618 2694 1854 2790 vagianum.
1888 2700 1998 2794 verso.

683 2789 747 2890 qui
769 2781 918 2862 caussam
945 2783 1072 2862 Christi
1099 2787 1173 2881 agit
1195 2787 1290 2882 apud
1318 2787 1517 2879 mundum,
1542 2814 1618 2868 non
1649 2797 1780 2895 utique
1809 2798 1896 2876 solis
1921 2801 2000 2874 nrira-

684 2887 793 2971 culis,
819 2883 877 2960 sed
903 2884 939 2958 &
962 2884 1095 2958 caeteris
1124 2885 1244 2980 gratiae
1266 2883 1332 2958 suae
1366 2887 1561 2980 operibus.
1587 2892 1850 2983 conversione,
1880 2897 1999 2974 santii·

683 2986 845 3068 catione,
870 2980 1134 3064 consolatione,
1159 2981 1454 3055 corroboratione
1475 2985 1668 3064 eletiorum
1692 3013 1704 3082 ;
1730 2991 1772 3065 &
1800 2995 1998 3072 caussamli·

683 3083 821 3160 delium
847 3080 941 3180 apud
959 3077 1091 3156 Deum.
1115 3077 1417 3155 Rom.v111.26.
1467 3077 1512 3156 Et
1545 3081 1592 3159 fic
1623 3105 1648 3159 o
1675 3091 1834 3186 ponitur
1858 3099 1999 3188 amira

685 3181 977 3278 Apoc.x11.10.
1028 3175 1156 3274 Estque
1181 3183 1314 3268 apiriam
1338 3183 1509 3262 Veritatiss
1537 3203 1615 3256 non
1642 3109 1761 3261 Kolum
1790 3191 1883 3290 quia
1909 3189 1996 3268 Eno-

685 3275 820 3389 gelium
845 3273 1022 3348 miraculis
1044 3273 1259 3365 corrlirmat3
1284 3272 1341 3348 sed
1367 3277 1449 3373 quia
1472 3279 1630 3364 interna,
1652 3281 1810 3372 arcana,
1838 3300 1942 3390 atque
1960 3285 2000 3364 ts·

684 3373 785 3450 hcaci
815 3373 951 3446 ratione
982 3395 1058 3447 eam
1081 3371 1286 3445 mortalium
1316 3374 1442 3449 animis
1466 3375 1625 3457 insinuat.
1659 3381 1787 3462 1Cor.
1808 3411 1865 3464 rr.
1890 3409 2003 3470 rom.

684 3469 903 3571 Eph.1.17.
955 3467 1025 3545 Hic
1053 3471 1274 3568 promittitur
1300 3483 1340 3544 ut
1365 3475 1499 3558 tab-sle,
1528 3473 1694 3552 allusione
1725 3479 1776 3554 ad
1810 3485 2005 3562 columma

685 3571 777 3747 ignis
801 3569 839 3644 de
857 3566 992 3740 srrubis,
1018 3587 1099 3666 quae
1119 3589 1196 3642 non
1219 3567 1417 3666 patiebatur
1437 3568 1601 3648 israelitas
1624 3577 1660 3648 in
1684 3575 1833 3658 deserto
1855 3585 2005 3662 abeunt

719 3667 794 3748 ons.
835 3689 1192 3744 e.rx11111-···r
1966 3689 1971 3696 ·

735 3665 853 3844 Xle’.
887 3772 948 3838 111.
971 3764 1119 3862 Spiritus
1155 3693 1410 3840 misacutorum
1444 3787 1520 3840 non
1556 3768 1639 3846 sacit
1663 3795 1756 3850 mox
1795 3777 2004 3860 infallibilem

686 3875 843 3944 attamen
866 3883 933 3960 pro
959 3859 1129 3936 inl'allibili
1154 3858 1310 3934 dotlrina
1339 3861 1602 3941 admittendum
1623 3866 1713 3962 else,
1739 3877 1935 3978 quidqu'ul
1956 3879 2007 3956 ni·

686 3962 814 4048 raculis
837 3960 904 4035 suis
928 3957 1116 4034 confirmat
1139 3957 1197 4032 ille
1227 3957 1398 4056 Spiritus,
1425 3986 1470 4038 ne
1504 3965 1575 4064 ipse
1605 3968 1754 4066 quidem
1786 3967 1935 4054 Auum
1957 3995 2007 4054 n·

684 4061 755 4136 ster
777 4058 965 4156 negaverit.
993 4079 1027 4154 p.
1043 4079 1124 4140 25*⁸
1174 4053 1288 4134 Porro
1312 4081 1389 4134 non
1415 4085 1494 4160 pars
1525 4063 1638 4164 aliqua
1662 4065 1842 4146 dotlrinae
1871 4075 2007 4176 Apollo·

686 4157 838 4238 lorum,
872 4152 929 4229 sed
960 4151 1116 4228 universa
1143 4151 1230 4242 illa,
1255 4170 1364 4256 prout
1390 4182 1467 4235 eam
1501 4160 1568 4236 suis
1596 4176 1669 4238 tam
1697 4169 2007 4264 praedicationum

580 4255 584 4264 '
688 4277 798 4358 quam
820 4249 983 4353 Epistolis
1008 4251 1191 4352 complexi
1214 4253 1310 4338 sunt,
1340 4279 1422 4331 cum
1451 4259 1620 4334 omnibus
1642 4261 1707 4336 suis
1731 4265 2005 4348 illationibus&

600 4367 604 4376 “
688 4352 1076 4454 argumentationibus,
1101 4353 1120 4452 (
1141 4350 1292 4436 albeli.
1318 4379 1373 4432 11.
1399 4379 1453 4454 ¹5·
1477 4359 1538 4427 tm
1566 4357 1623 4430 dli
1647 4365 1728 4448 aba
1754 4369 1819 4439 tm
1845 4377 1885 4442 tt
1914 4379 2005 4454 tvm

1936 4473 2005 4562 ren
