4909 5425
874 479 1280 611 iuuantis.

396 643 1755 689 ------·-----—----—--.—·a

388 722 528 806 stribus
551 719 592 797 ὃ(
611 710 913 820 Praepotentibus
928 707 1046 792 Fristae
1066 710 1280 795 Ordinibus
1292 716 1341 821 A.
1355 715 1638 800 MDLXXXV.
1658 747 1756 804 evo·

395 842 503 902 catus
526 814 597 894 fuit
609 806 886 922 sapientissime.
937 807 1052 889 Adeo
1071 813 1204 890 necin
1227 829 1349 914 patria
1365 812 1487 919 urbe,
1514 817 1674 899 minime
1684 818 1755 904 ste.
1806 819 1816 831 “

396 916 465 999 rili
485 914 598 994 bonae
628 927 769 989 mentia
792 903 902 996 solo,
928 902 1135 986 defuerunt
1161 905 1346 1014 Exempla
1362 906 1520 992 illustria
1541 910 1753 1010 dodirinae.

399 1039 487 1121 quae
504 1007 571 1090 sibi
589 1001 774 1085 imitanda
795 1000 893 1110 olim
912 1019 1161 1111 prqponeret·
1171 1001 1298 1081 noster
1321 1003 1463 1096 Wessur.

493 1112 527 1187 ls
546 1130 642 1184 vero
660 1103 811 1182 Lucem
828 1097 908 1178 illic
959 1123 1106 1180 timum
1122 1096 1394 1207 viderecoepit
1414 1103 1491 1182 Die
1514 1099 1755 1188 duodecimo

397 1201 537 1286 Mensis
565 1197 757 1279 februarii
773 1123 1142 1307 mitudxxxvl.
1191 1199 1273 1292 Qr
1297 1199 1434 1276 Annus
1464 1198 1543 1312 hoc
1578 1203 1618 1280 in
1648 1205 1756 1315 rimie

397 1297 656 1385 memorabile
678 1291 800 1374 habet
822 1316 864 1372 tn
892 1317 977 1371 rem
1020 1292 1230 1382 nostram,
1270 1290 1382 1399 quod
1421 1294 1580 1400 publico
1656 1298 1757 1404 ipio-

395 1422 500 1482 mate
528 1392 725 1477 Ordinum
753 1388 964 1470 Provincia
991 1388 1219 1500 Tra'estinar
1241 1387 1409 1483 eiusdem
1436 1417 1594 1500 quoque
1623 1394 1757 1476 Mense

397 1496 606 1602 Februario
621 1486 761 1597 illustre
769 1484 1046 1588 cymatium,
1072 1414 1231 1567 bienmo
1249 1485 1758 1662 anteprudenterapertum.
1839 1517 1841 1521 ·

397 1595 448 1673 ab
475 1588 589 1670 Urbis
607 1578 836 1692 Consulibup
854 1582 894 1660 δι
914 1585 1077 1674 Senatu,
1101 1588 1169 1685 Jus
1191 1587 1232 1663 δε
1252 1585 1354 1664 Privi
1370 1609 1452 1687 eg1a
1465 1583 1684 1666 Academiae
1697 1613 1758 1670 ac·

398 1675 1760 1884 tibitibi?iib‘bfdibitssiata&attributati
1797 1730 1802 1737 ’

401 1881 425 1963 ἐι
448 1877 533 1960 fidis
551 1870 781 1985 Ductoribus
796 1868 992 1980 didicerat.
1044 1870 1086 1985 ld
1106 1893 1224 1956 ettam
1248 1870 1297 1984 de
1315 1802 1400 1953 i'iri
1421 1875 1625 1955 Nativitate
1645 1901 1758 1989 acce·

396 1984 459 2158 pi,
486 1969 598 2080 quod
621 1967 817 2076 ipse‘tusto
840 1989 1028 2049 maturius
1045 1968 1214 2111 νιαξηοαά
1239 1968 1369 2050 lucem
1385 1967 1564 2082 affetians
1589 1977 1630 2053 ὅ(
1654 1971 1770 2103 (ωρι-

415 2103 510 2162 um‚
538 2073 581 2150 δι
601 2087 765 2176 matrem
783 2089 906 2238 prople
926 2087 1163 2154 enecaverit.
1190 2062 1376 2177 quodque
1397 2065 1489 2148 hinc
1511 2094 1603 2149 cum
1631 2070 1759 2153 nasce.

402 2194 509 2250 retur
525 2160 624 2244 adeo
645 2159 760 2240 fuerit
777 2181 864 2240 tene
895 2187 963 2249 us,
988 2182 1133 2241 utnon
1158 2161 1245 2241 fore
1264 2189 1299 2242 e1
1322 2181 1440 2245 vitam
1457 2164 1612 2245 vitalem
1632 2168 1759 2249 obste-

402 2270 480 2346 trix
497 2281 719 2363 caeteraeque
739 2253 935 2361 praesentes
951 2256 1124 2337 foemina
1139 2260 1416 2338 ominarentur.
1467 2259 1540 2342 Sed
1551 2263 1682 2344 -insciae
1694 2264 1757 2347 hae

405 2376 630 2444 tumetum,
650 2372 815 2460 quantus
839 2380 888 2433 ex
908 2351 1052 2433 tenello
1076 2352 1146 2434 iilo
1169 2358 1240 2434 Vir
1258 2352 1380 2447 foret,
1404 2376 1449 2435 ut
1467 2357 1566 2438 olim
1576 2359 1760 2443 cresceret

432 2485 473 2539 er
489 2449 661 2537 divinam
669 2451 834 2557 gratiam
852 2475 936 2529 non
956 2457 1032 2527 'tam
1048 2450 1156 2531 mole
1166 2453 1375 2557 Corporis,
1401 2453 1575 2561 quaesem
1626 2483 1760 2540 rmatu

403 2486 450 2639 itt
470 2553 552 2632 satis
575 2552 730 2655 exigua,
758 2572 877 2651 quam
889 2547 1009 2654 mimi
1020 2550 1175 2650 vigore,
1201 2547 1445 2630 &laborum
1467 2549 1550 2632 utili
1638 2581 1761 2642 orum

378 2642 698 2757 ‚Magnitudinm
725 2648 766 2724 ὃ(
782 2645 956 2724 nominis
975 2669 1045 2747 per
1064 2643 1215 2726 Orbem
1234 2671 1397 2727 omnem
1412 2645 1525 2729 fama.
1751 2670 1757 2736 3

498 2739 718 2825 Secundum
727 2736 823 2819 illud
837 2761 990 2820 tantum
1007 2744 1212 2823 nativitatis
1235 2747 1275 2824 ὅ(
1310 2746 1417 2824 timae
1435 2748 1524 2828 vitat
1540 2748 1760 2853 periculum

403 2847 477 2930 fuit
496 2845 657 2956 piorum
678 2856 882 2942 pareutum
905 2863 995 2917 cura
1029 2834 1078 2918 de
1105 2840 1214 2933 Wtfio
1242 2840 1254 2917 i
1347 2861 1384 2920 te
1411 2839 1579 2925 adautia.
1629 2850 1761 2940 Quam

401 2963 629 3047 neuuquam
654 2930 793 3043 deiude
815 2932 1084 3037 neglexerunt.
1111 2932 1209 3015 dum
1234 2957 1422 3016 votorum
1434 2940 1592 3021 suorum
1611 2969 1766 3025 merno-¹

404 3066 466 3122 res
484 3059 649 3143 puerum
677 3026 900 3141 sandbffrme
919 3029 1152 3123 educarunt,
1178 3058 1271 3142 cum
1291 3031 1372 3143 ipso
1386 3034 1489 3137 quafi
1501 3035 1594 3118 lade
1605 3038 1762 3143 religio·

404 3137 466 3219 nis
494 3132 720 3239 pietatisque
744 3123 963 3209 Christianae
981 3150 1170 3241 praecepta
1183 3126 1468 3222 eimstillantca,
1495 3137 1666 3245 &quam
1678 3138 1761 3237 pri·

404 3255 520 3316 mum
539 3225 610 3306 fari
631 3220 795 3332 discebat
805 3221 855 3304 ad
872 3221 1025 3304 domini
1037 3230 1186 3332 Derque
1196 3224 1252 3303 sui
1260 3224 1414 3306 laudem
1431 3227 1663 3313 balbutiente
1685 3231 1759 3314 ser·

404 3354 521 3408 mone
542 3319 826 3497 dimidiausgue
852 3320 978 3402 verbis
997 3319 1267 3421 celebrandam
1293 3321 1431 3403 rudem
1450 3324 1625 3431 linguam
1637 3329 1759 3411 infor·

407 3446 568 3505 mantes·
617 3420 724 3519 Qin
801 3414 908 3496 sexto
930 3416 1063 3500 AEtatis
1081 3423 1199 3498 Anno
1210 3420 1250 3498 in
1264 3417 1458 3523 publicam
1466 3425 1629 3507 civitatis
1639 3427 1761 3508 Scho-

406 3522 489 3602 iam
506 3542 600 3599 eum
615 3511 940 3604 introduxerunt,
994 3517 1098 3596 rimis
1121 3517 1279 3618 Lingua:
1298 3517 1445 3597 Latinae
1463 3518 1668 3603 Elementis
1686 3527 1761 3603 im·

404 3614 616 3697 buendum.
665 3607 801 3701 Unde,
827 3611 961 3691 exasto
1006 3614 1177 3692 tirnaio,
1202 3612 1353 3691 eumad
1369 3612 1587 3717 supremam
1600 3620 1676 3711 iam
1687 3627 1761 3700 Re-

406 3711 526 3797 &oris
545 3704 705 3789 Claiiem
725 3729 955 3813 promotum
976 3712 1017 3790 in
1036 3711 1223 3815 privatam
1239 3735 1284 3788 ac
1306 3706 1557 3793 domesticam
1580 3714 1762 3821 Discipli-

405 3834 500 3892 nam
522 3800 651 3917 sumiit
670 3805 895 3916 avunculus
916 3808 1072 3915 Petrus,
1097 3807 1314 3885 Hermanni
1329 3804 1429 3887 istius
1454 3858 1465 3888 2
1512 3836 1630 3917 quem
1652 3815 1763 3896 antea

405 3902 585 3992 laudavi,
611 3903 736 4003 Filius.
787 3907 876 3980 Erat
896 3899 959 3981 ille
983 3910 1054 3985 Vir
1073 3904 1236 3991 iatine,
1261 3903 1448 3981 Graece&
1480 3906 1668 3988 Hebraice
1692 3908 1763 3988 be·

405 4032 457 4085 ne
468 4001 617 4087 doetus,
630 3992 1003 4102 Pbdosophiaeetiam
1012 3998 1230 4107 coasultum
1243 4024 1360 4173 apuam
1370 4025 1452 4080 non
1468 4001 1517 4082 ad
1529 4007 1656 4084 inanes
1667 4004 1765 4084 Sub*

403 4098 583 4181 tilitatum
605 4094 760 4184 Tricas,
786 4089 851 4173 sed
867 4090 1053 4174 adrerum
1065 4095 1265 4198 ipsarume
1282 4095 1542 4179 ucidationem
1553 4100 1766 4209 rigidaeque

406 4195 570 4277 Virtutis
586 4191 765 4273 exercitia
785 4184 996 4297 prudenter
1011 4190 1227 4280 referebam
1252 4195 1484 4298 praecipuam
1504 4221 1635 4276 autem
1666 4226 1765 4305 ope-

406 4318 493 4373 ram
514 4288 748 4397 Tbeologiae
768 4307 984 4369 nataverat.
1034 4292 1068 4369 ls
1085 4292 1127 4366 in
1147 4286 1228 4367 alto
1256 4293 1297 4370 ὅ(
1316 4288 1448 4371 securo
1472 4293 1591 4382 otio,
1631 4299 1765 4381 omnis

406 4410 503 4472 tuuc
524 4384 670 4490 publici
688 4386 837 4492 negotii
859 4408 1028 4489 expers,
1052 4380 1122 4535 sibi
1154 4384 1331 4479 vivebat,
1357 4391 1401 4469 &
1430 4387 1525 4505 huie
1544 4416 1593 4473 ex
1614 4394 1765 4574 {orote

420 4551 426 4558 .
1133 4507 1159 4564 e
1656 4510 1766 4599 epota

1151 4753 1190 4790 N
