4909 5425
644 522 705 598 2¹36
997 507 1028 580 L
1054 516 1122 572 rr.
1151 502 1178 578 Ι.
1243 502 1379 576 car.
1410 497 1581 574 XXIII·

645 641 851 739 peratorem
872 623 1049 702 exereitus
1075 621 1150 712 sui,
1174 619 1280 697 instar
1303 620 1416 697 bruta
1433 620 1581 717 alicujus
1603 619 1782 736 pecudis,
1806 630 1886 700 tam
1905 618 1992 698 indi-

645 758 717 836 gne
738 727 921 806 mactaret:
949 724 986 798 ἃ
1005 722 1134 798 violata
1151 716 1370 801 sacratiilima
1392 718 1634 821 hospitalitatis
1658 722 1769 817 jura3
1799 722 1840 797 ἀ
1862 721 1994 798 limula·

645 850 682 911 ta
705 830 876 909 comitate
899 847 940 901 ac
965 820 1171 923 compolito
1191 818 1348 922 licioque
1375 819 1624 993 blandilopuio
1648 830 1875 898 temeratam
1893 819 1994 897 lince-

643 935 788 1011 titatem
809 924 1004 1003 aelidem:
1031 921 1190 1021 denique
1208 915 1414 995 universum
1436 918 1510 994 hoc
1548 919 1670 995 acinus
1691 922 1816 1020 magis
1839 918 1995 997 redolere

646 1030 796 1132 genium
814 1021 951 1101 furiosa
974 1043 1018 1099 ac
1040 1019 1184 1122 perfide
1205 1017 1383 1104 mulieris,
1410 1038 1522 1118 quam
1556 1016 1716 1096 honellae
1746 1018 1994 1120 modesteque

646 1141 1000 1305 mallllllaellaetetum
1023 1224 1104 1321 quae
1129 1242 1151 1295 a
1173 1216 1266 1315 Jaele
1285 1214 1372 1295 falla
1395 1214 1495 1302 sunt,
1521 1214 1560 1291 δε
1585 1239 1605 1294 a
1628 1190 1763 1295 Debora'
1784 1218 1992 1307 laudantur.

649 1348 728 1415 non
753 1322 833 1399 sunt
854 1317 1031 1421 exigenda
1051 1318 1097 1394 ad
1122 1338 1322 1395 commune
1345 1316 1576 1392 humanitatis
1600 1317 1639 1392 dc
1669 1318 1994 1396 confoederationis

650 1432 720 1603 lus.
771 1418 979 1597 sinfulare,
1005 1416 1353 1501 extraordinarium,
1380 1413 1580 1493 Hernicum
1599 1412 1846 1494 &Divinum
1867 1416 1994 1518 aliquid

652 1514 1104 1733 rtrttttilitnir,
1121 1515 1230 1731 llll}
1249 1512 1784 1730 Jiltltlm'tla‘ult
1801 1515 1890 1717 {ll
1905 1618 1994 1698 a:

652 1716 839 1825 opprelior
888 1716 991 1818 opuli
1009 1712 1104 1801 Der,
1173 1726 1316 1790 tumtur
1339 1736 1414 1811 jam
1437 1710 1588 1803 fractus,
1613 1712 1651 1789 &
1678 1714 1914 1792 anathemate
1940 1714 1994 1791 de·

652 1834 783 1907 votus,
808 1839 829 1894 a
892 1837 939 1892 eo
996 1814 1197 1915 roscriptus.
1252 1812 1366 1908 Cujus
1389 1814 1438 1889 rei
1463 1833 1529 1911 per
1558 1811 1578 1888 i
1596 1812 1719 1889 iritum
1748 1816 1891 1891 certior
1919 1812 1993 1891 fatu

675 1918 747 2013 ael,
773 1838 1002 2017 magnumlz
1022 1911 1260 2023 memorabile
1281 1909 1418 1988 lacinus
1437 1909 1516 1989 aula
1542 1836 1602 1993 cll.
1624 2011 1633 2027 ·
1653 1909 1787 1990 Kenaea
1809 1934 1931 2015 quum
1950 1908 1991 1989 el-

669 2032 728 2108 et,
751 2040 824 2115 pace
848 2012 1000 2117 quidem
1028 2012 1211 2090 fruebatur
1233 2032 1320 2089 cum
1351 2008 1452 2111 Rege
1479 2007 1651 2088 Hatzons
1674 2034 1683 2087 ε
1710 2024 1746 2087 at
1769 2033 1852 2089 non
1883 2014 1991 2089 omria

653 2142 727 2223 pax
747 2113 1097 2196 confoederationem
1116 2112 1282 2189 amicitie
1304 2113 1488 2212 importat.
1537 2106 1630 2188 Fieri
1652 2110 1778 2211 potuit
1798 2124 1854 2213 ut,
1866 2112 1995 2189 tributo

652 2220 886 2297 vexationem
906 2211 1022 2289 solum
1041 2209 1236 2288 redemerit
1247 2209 1379 2286 familia
1398 2208 1555 2298 lieberi,
1580 2210 1683 2307 cujus
1701 2230 1798 2287 uxor
1820 2222 1904 2289 erat
1919 2209 1996 2314 Jrel.

653 2317 821 2399 Pluribus
840 2310 1115 2413 atilioribuique
1137 2309 1302 2387 amicitia
1326 2308 1476 2387 vinculis
1497 2307 1654 2386 adstricta
1672 2300 1750 2387 hae
1772 2306 1915 2390 Kenaea
1936 2332 1998 2427 po·

682 2418 746 2493 ulo
772 2410 961 2494 israelitico
990 2420 1091 2504 erat;
1116 2413 1219 2508 cujus
1250 2430 1490 2486 communem
1517 2406 1655 2484 holtem
1687 2408 1724 2483 δι
1754 2410 1921 2509 prodere
1941 2408 1999 2511 rpfi

654 2440 694 2593 St
713 2512 862 2630 perdere
881 2510 1023 2587 licebat
1072 2506 1189 2605 Quod
1207 2530 1322 2611 quum
1339 2505 1388 2584 sas
1409 2504 1509 2599 ellet,
1534 2530 1610 2584 non
1632 2506 1777 2583 videtur
1797 2508 1905 2587 nefas
1924 2508 1998 2587 fuis·

655 2613 691 2690 se
717 2615 760 2690 ris
781 2614 835 2691 uti
862 2608 1014 2697 medin,
1039 2630 1121 2726 quae
1150 2608 1216 2685 fini
1236 2606 1291 2684 isti
1321 2604 1550 2708 adsequendo
1570 2602 1681 2684 client
1699 2605 1865 2687 idonea:
1890 2611 1997 2712 quali

655 2725 779 2799 erant,
814 2708 969 2789 domum
996 2723 1179 2809 recipere,
1217 2721 1311 2809 potu
1336 2706 1509 2793 relicere,
1534 2704 1702 2784 somnum
1732 2708 1945 2798 inducere,
1966 2710 1999 2787 dt

656 2836 739 2916 quae
762 2811 801 2890 id
825 2831 938 2914 genus
993 2808 1078 2885 lura.
1130 2807 1332 2912 inquibus
1360 2807 1529 2883 hactenus
1555 2830 1635 2884 non
1665 2807 1746 2908 plus
1780 2809 1905 2910 culpae
1936 2811 2000 2898 est,

683 2936 768 2992 uam
789 2914 829 2990 in
853 2907 929 2988 aliis
1021 2909 1231 3008 tagematis,
1257 2907 1295 2981 in
1320 2905 1445 2982 militia
1472 2927 1551 2982 non
1577 2903 1749 3008 permillrs
1776 2905 1924 2996 solum,
1948 2910 2003 2988 led

714 3012 873 3091 laudatis.
925 3008 1112 3088 Simulavit
1136 3007 1287 3108 quidem
1315 3004 1449 3108 aliquid
1468 3003 1568 3109 Jael,
1594 3005 1633 3083 δε
1661 3003 1923 3089 dillimulavit:
1945 3009 2001 3088 sed

655 3111 731 3189 hoc
752 3135 831 3189 non
851 3111 902 3186 elt
919 3107 1078 3185 absolute
1098 3106 1276 3185 illicitum.

706 3209 825 3290 XVl.
848 3208 1030 3308 Praecipua
1059 3203 1247 3284 difficultas
1275 3207 1316 3283 in
1348 3225 1395 3284 eo
1427 3203 1488 3283 fita
1514 3205 1586 3294 est,
1613 3205 1716 3310 quod
1741 3206 1994 3290 manenda-¹

658 3311 720 3390 cio
754 3307 887 3385 absolvi
917 3303 1016 3409 polle
1049 3305 1126 3384 hac
1156 3307 1266 3385 verba
1295 3304 1506 3395 videantur,
1532 3309 1655 3384 diverte
1686 3317 1825 3385 umine
1863 3319 1929 3406 ni,
1950 3311 2000 3388 li·

656 3427 747 3486 verte
773 3408 909 3494 adme,
934 3433 973 3481 ne
997 3413 1113 3483 timeto.
1164 3405 1241 3484 Vix
1266 3407 1366 3483 enim
1390 3406 1463 3490 est,
1490 3418 1531 3483 ut
1558 3407 1596 3482 id
1622 3408 1722 3484 aliter
1742 3409 1867 3488 intelli
1895 3409 2004 3514 'poi

659 3507 725 3600 fit,
748 3504 813 3583 nifi
846 3516 889 3583 ut
919 3505 1037 3584 sermo
1067 3507 1313 3608 promittentis
1345 3505 1577 3583 securitatem.
1630 3505 1682 3585 Ut
1715 3530 1851 3588 verum
1865 3435 2003 3600 latter,

659 3629 739 3685 non
775 3605 922 3684 invenio
984 3627 1037 3683 uo
1070 3605 1108 3682 id
1140 3605 1284 3708 prorsus
1321 3603 1523 3704 exculpem.
1574 3604 1626 3684 lta
1665 3619 1926 3709 comparatum
1960 3611 2004 3688 nl

655 3719 743 3786 cum
766 3706 938 3784 omnibus
957 3627 1034 3784 lere
1060 3705 1259 3784 allionibus
1284 3704 1473 3790 humanis,
1499 3705 1542 3780 iis
1560 3709 1677 3783 etiam
1810 3709 2004 3814 impulsore

655 3807 792 3910 Spiritu
850 3817 1062 3908 enguntur,
1087 3818 1129 3885 ut
1157 3804 1260 3883 facile
1288 3805 1335 3882 de
1364 3806 1486 3881 nostro
1518 3803 1655 3908 aliquid
1684 3827 1703 3882 a
1732 3804 1862 3896 datur,
1889 3829 2004 3914 neque

656 3906 801 4024 solicite·
822 3830 905 4022 latin
926 3905 1033 4022 ‘intra
1055 3925 1120 4022 eos
1146 3903 1180 3982 se
1193 3905 1382 4020 terminos
1410 3917 1578 4019 coerceat
1606 3906 1786 4006 impetus,
1817 3929 1916 4012 quos
1941 3931 2004 4028 ες.

655 4001 2003 4222 teleneucreaueruntlitlintona

656 4201 815 4285 Laudari
842 4201 1160 4306 itaqueaDebora
1191 4207 1314 4305 potuit
1342 4203 1509 4282 heroicus
1536 4203 1594 4280 ilie
1620 4205 1656 4280 &
1684 4201 1814 4282 sexum
1839 4203 2004 4310 mperam

684 4305 768 4381 aelio
795 4303 962 4392 animus,
988 4324 1065 4405 quo
1090 4302 1136 4382 ab
1162 4305 1175 4378 i
1201 4301 1241 4379 so
1264 4305 1409 4380 incitata
1434 4300 1544 4390 Deo,
1568 4302 1762 4404 superbum
1784 4303 1935 4386 hostem
1955 4305 2005 4384 iu-

684 4501 700 4518 ..
715 4403 779 4499 lit;
808 4399 943 4482 etiamli
969 4404 1009 4480 in
1038 4325 1203 4481 univerlll
1233 4401 1381 4480 aetionis
1401 4399 1496 4480 illius
1520 4401 1710 4484 molimine
1735 4401 1881 4510 aliquid
1909 4409 2004 4486 inre

661 4511 804 4589 matur,
827 4501 931 4607 quod
954 4502 1061 4608 culpa
1083 4499 1225 4609 proriis
1247 4521 1328 4582 uon
1350 4511 1477 4582 careat.
1814 4601 2003 4696 XVM
