4909 5425
704 496 746 562 er
1142 479 1323 555 ΜΗ.
1381 480 1599 557 cte-V.

709 612 803 685 true
830 600 974 680 artae.
1023 595 1207 679 Nimirum
1235 593 1738 691 caussabanturidentidem,
1763 602 2054 702 premittendam

711 704 804 805 Regi
828 699 896 781 esse
921 700 1052 779 somnii
1083 697 1134 775 sui
1169 696 1443 784 recenfionern,
1469 720 1589 798 neque
1612 702 1709 797 prius
1742 701 1837 800 adigi
1862 700 1929 778 sese
1955 701 2055 804 posse

712 805 757 884 ad
788 803 846 880 sua
863 799 1008 877 edenda
1038 795 1190 878 oracula
1241 796 1363 898 Atque
1392 797 1486 875 hanc
1515 796 1840 896 tergiversationem
1877 804 2054 900 urgebant

581 930 584 936 ·
712 902 983 986 confidentius,
1005 894 1109 1000 quod·
1129 893 1292 973 riderent
1315 895 1497 975 somnium
1524 899 1601 996 regi
1624 894 1813 983 excidisse,
1839 911 1948 999 atque
1977 899 2055 1001 spe-

711 1016 831 1084 rarent
849 1002 896 1076 ita
915 997 949 1075 se
971 998 1016 1075 ab
1036 995 1328 1094 interpretatione
1340 1017 1433 1095 ,quae
1456 993 1667 1072 discriminis
1690 996 1794 1095 plena
1811 1009 1901 1083 erat,
1927 998 2055 1078 libera·

712 1114 794 1181 tum
813 1102 866 1178 iri.
918 1093 1068 1177 Consilii
1086 1092 1183 1171 tffiur
1205 1092 1368 1169 astutiam
1389 1092 1617 1192 indignanter
1639 1096 1754 1193 arguit
1775 1093 1866 1175 Rex.
1917 1095 2055 1177 Nonne

713 1198 908 1299 simplicior
925 1195 1001 1273 haec
1022 1192 1267 1293 interpretatio
1289 1190 1339 1273 est
1357 1192 1465 1268 altera
1484 1191 1545 1268 illa
1564 1190 1762 1292 paraphrasi
1789 1188 1870 1293 quae
1895 1197 2055 1273 ludovice

709 1298 753 1377 ''ae
772 1303 855 1381 Dira
874 1290 1075 1379 allubescit,
1101 1300 1154 1365 Ex
1169 1290 1348 1385 respmfione
1369 1294 1468 1382 adira
1494 1293 1651 1390 intellige,
1674 1318 1729 1366 uos
1750 1293 1804 1368 hoc
1829 1313 1960 1370 tantum
1982 1324 2054 1397 age-

551 1420 556 1435 ’·
714 1428 770 1485 re,
794 1416 833 1472 ur
853 1415 965 1487 temera
980 1393 1159 1491 prorogetis,
1183 1396 1259 1490 quia
1284 1412 1388 1487 nempe
1407 1391 1520 1466 viderit
1547 1417 1586 1465 tae
1604 1391 1699 1465 edida
1723 1418 1787 1467 mer
1805 1401 1969 1469 imminere
1994 1423 2054 1471 vr.

543 1556 562 1585 ,‚
714 1499 759 1573 tir
780 1513 936 1582 mnam,
954 1518 1050 1593 quare
1065 1489 1274 1588 adaugendo
1296 1510 1409 1584 temper
1428 1489 1556 1589 effigere
1570 1493 1709 1584 sperant.
1761 1486 1905 1579 Etenim
1936 1516 2052 1594 quum

714 1594 885 1675 sententia
910 1593 1038 1667 mortis
1108 1589 1302 1669 onunciata
1333 1584 1417 1669 esset
1442 1610 1521 1664 non
1551 1590 1671 1665 minue
1706 1588 1867 1667 adversus
1899 1593 2055 1694 eosqui

714 1694 896 1773 somnium
924 1687 1059 1767 nonin
1089 1687 1254 1773 cabant,
1277 1709 1387 1790 quam
1409 1689 1473 1788 qui
1498 1708 1576 1763 non
1598 1688 1690 1763 inter
1716 1700 1941 1778 reterentur,
1964 1714 2055 1769 con·

714 1790 879 1877 fideratio
896 1790 982 1887 regii
1007 1786 1111 1865 edidi
1130 1797 1256 1873 contra
1281 1809 1360 1863 non
1383 1785 1580 1865 indicantes
1603 1785 1669 1863 effe
1704 1810 1766 1865 ura
1789 1791 1911 1887 potius
1937 1786 2053 1871 suisset

716 1892 1007 1993 deprecationem
1037 1908 1179 1987 poenae,
1203 1897 1353 1986 propter
1382 1887 1422 1959 τὸ
1437 1886 1588 1957 datvm
1612 1885 1799 1986 postulati,
1824 1910 1938 1988 quam
1965 1913 2053 1991 pro·

714 1989 998 2069 mastinationem
1031 1987 1082 2063 rei
1102 2005 1212 2084 quam
1244 2007 1323 2061 non
1348 1983 1611 2085 pollicebantur
1633 1986 1673 2063 in
1695 1983 1876 2075 sutorum,
1902 1987 1964 2065 sed
1984 2012 2051 2065 mr·

465 2157 468 2164 .
715 2088 901 2185 merabant
928 2096 956 2159 tv
983 2092 1058 2165 arte.
1071 2084 1179 2163 ina&
1208 2082 1380 2163 turbae·
1430 2081 1487 2163 ΙΙΙ.
1509 2081 1614 2162 Adde
1639 2084 1676 2161 dr
1700 2083 1807 2178 hoc;
1832 2110 1948 2187 quum
1974 2085 2053 2167 Rex

565 2266 571 2281 ,
715 2189 881 2265 maximo
905 2182 1035 2271 branis
1055 2180 1282 2281 intelligendi
1300 2194 1480 2261 teneretur
1501 2179 1701 2269 desiderio,
1727 2204 1811 2275 cur,
1837 2186 1991 2286 quando
2008 2186 2053 2265 de

717 2286 814 2364 illiue
836 2308 901 2385 per
921 2282 1107 2363 Chaldaeos
1126 2283 1478 2361 commemoratione
1495 2281 1639 2382 prorsue
1653 2283 1878 2383 desperabat,
1901 2308 1981 2363 non
2001 2287 2054 2385 ip·

717 2385 751 2462 se
776 2382 923 2461 tandem
944 2383 1119 2468 narrarit,
1143 2379 1170 2459 ti
1193 2379 1287 2459 sorte
1310 2379 1632 2481 pollicitationibus
1651 2364 1718 2460 luis
1744 2382 1903 2461 Chaldaei
1925 2383 2054 2461 satista-

717 2495 861 2568 terent‚
886 2505 1040 2582 eamque
1070 2479 1249 2559 adferrent
1271 2482 1603 2579 interpretationem
1626 2481 1666 2557 in
1697 2505 1768 2583 qua
1799 2482 1922 2560 liceret
1944 2482 2054 2583 Regia

717 2580 842 2663 animo
864 2579 1108 2681 acquiescere?
1131 2579 1292 2659 Malebat
1313 2582 1412 2655 enim
1432 2576 1564 2657 somnii
1580 2576 1632 2655 sui
1651 2578 1750 2658 sensu
1769 2580 2055 2682 quomodocun-

717 2703 791 2782 que
809 2680 966 2769 erudiri,
990 2702 1098 2782 quarn
1120 2678 1367 2779 intempestiva
1388 2675 1599 2758 crudelitate
1618 2702 1769 2758 omnem
1794 2678 1859 2758 irbi
1878 2682 2053 2785 interpre-

716 2784 861 2858 mtionia
882 2779 1110 2858 occafioaem
1131 2800 1173 2856 ac
1190 2776 1288 2878 spem
1314 2777 1555 2878 pretendere

576 2893 650 2962 xit.
766 2877 866 2958 XII,
893 2880 1017 2975 Quaeri
1044 2882 1104 2954 hic
1134 2891 1316 2954 merentur
1340 2875 1444 2962 duo,
1470 2875 1495 2954 l.
1522 2875 1597 2955 Cur
1618 2875 1722 2956 Deus
1752 2876 1917 2978 singulari
1945 2879 2054 2960 isthac

715 2985 857 3057 ratione
874 2978 984 3056 nottu
1005 2979 1042 3054 &
1064 2977 1326 3054 dormientibus
1349 2974 1417 3054 sese
1437 2974 1634 3077 patefacere
1653 2978 1828 3065 voluerit,
1854 3002 1972 3081 quum
1991 3004 2053 3081 pa·

579 3125 584 3134 -
718 3077 861 3156 tesatiio
882 3078 942 3154 ista
962 3076 1124 3160 videatur
1152 3073 1322 3164 obscura,
1347 3078 1508 3165 incerta,
1534 3073 1571 3150 &
1597 3098 1724 3175 parum
1745 3079 1966 3156 conveniens
1998 3080 2054 3156 di·

579 3191 593 3206 ”
718 3177 1277 3373 illidai‘ln‘lnllrsglimi
1295 3175 2055 3376 nmtnnt‘tltttstttbffl

549 3319 567 3368 ‚·
1975 3308 2011 3354 vr

718 3374 894 3452 insomnia
912 3397 932 3450 a
952 3374 1160 3451 naaratha
1181 3385 1244 3452 aut
1260 3375 1430 3452 Diabosr‘rr'r
1449 3372 1682 3452 secernantur.
2045 3377 2057 3404 ⁸

538 3493 621 3561 xm.
639 3497 699 3557 cur
766 3471 887 3556 Xltl.
914 3473 971 3550 nd
989 3474 1087 3574 prius
1112 3471 1327 3572 respondere
1351 3496 1428 3550 non
1446 3471 1647 3552 admodum
1671 3469 1815 3552 difficile
1836 3475 1894 3553 ere
1945 3474 2054 3556 Sum·

391 3639 393 3644 .
513 3582 617 3682 xneus
627 3577 691 3633 dor-
718 3595 778 3651 ma
797 3573 895 3650 eninr
918 3572 1024 3671 hujus
1042 3574 1096 3650 rei
1113 3567 1227 3650 caussa
1247 3570 1382 3651 Divina
1406 3572 1572 3650 voluntas
1592 3572 1667 3666 est3
1693 3574 1795 3670 cujus
1816 3578 1977 3654 rationes
1997 3579 2054 3654 in-

539 3652 692 3779 mamertus
719 3674 877 3775 quirere,
902 3696 949 3748 ne
975 3696 1023 3750 ue
1043 3685 1161 3750 tutum
1184 3671 1216 3748 se
1284 3696 1321 3750 er
1340 3672 1407 3758 est,
1434 3694 1505 3748 nee
1522 3671 1719 3771 querendo
1740 3669 1937 3775 assequaris.
1964 3673 2052 3754 Eam

532 3729 697 3869 {mla
718 3787 862 3859 tamen,
886 3785 969 3848 utu
994 3774 1102 3875 ique,
1128 3772 1176 3847 ita
1196 3771 1234 3848 &
1279 3773 1312 3847 ic
1326 3772 1516 3872 sapientem
1532 3767 1617 3856 esse,
1642 3772 1757 3849 multa
1776 3774 1920 3853 docent
1953 3774 2053 3852 Nam

541 3886 609 3945 err?
719 3872 745 3956 Ι.
769 3871 878 3961 Mena
903 3870 1083 3949 nocturno
1111 3884 1185 3950 tem
1239 3893 1302 3961 re,
1327 3871 1364 3946 tir
1387 3873 1426 3946 in
1444 3893 1565 3947 rerum
1585 3873 1751 3948 omnium
1775 3873 1940 3961 blentio,
1964 3876 2054 3952 reci·

719 3969 860 4072 piendis
891 3994 1011 4048 rerum
1048 3969 1187 4069 spiritua
1205 3971 1278 4046 'um
1310 3970 1524 4047 notionibus
1547 3972 1667 4070 aptior
1695 3966 1763 4046 else
1784 3973 1952 4051 videtur:
1974 3997 2053 4051 non

718 4072 857 4149 turbata
876 4070 935 4148 rel
955 4069 1103 4168 objedis
1125 4066 1346 4147 mninsecur
1364 4073 1403 4146 in
1424 4093 1503 4148 earn
1524 4069 1734 4170 agentibus,
1757 4095 1877 4174 neque
1895 4071 2054 4154 nnana

631 4235 635 4244 .
719 4170 866 4249 aliarum
886 4170 1155 4270 cogitationum
1179 4168 1372 4257 varietate,
1398 4193 1519 4272 neque
1551 4171 1723 4344 emta
1746 4173 1859 4250 animi
1886 4168 2054 4271 pallioni-

626 4299 631 4310 ·
720 4265 813 4357 bus,
838 4270 954 4347 sedin
976 4291 1072 4346 mera
1091 4267 1213 4368 quiete
1234 4265 1375 4346 Divino
1403 4268 1592 4370 enpofita‘
1696 4271 1746 4348 ui.
1794 4270 2054 4352 Observatum·

720 4385 792 4460 que
811 4369 895 4445 esta
917 4391 1036 4445 rerum
1055 4380 1188 4444 uaturae
1210 4365 1395 4458 studiosis,
1420 4370 1458 4444 in
1480 4366 1610 4444 somno
1629 4366 1768 4467 objeita
1793 4375 1918 4451 omnia
1938 4377 2056 4471 majo·

718 4464 912 4556 rar-rideri,
934 4481 1169 4570 mentemque
1189 4467 1235 4544 iis
1252 4465 1345 4548 affici
1366 4466 1526 4564 validior.
1575 4461 1620 4547 ll.
1642 4465 1693 4546 ita
1713 4469 1910 4552 ostenditur
1933 4473 2058 4552 illimi-

733 4623 740 4638 ,
769 4623 771 4630 .
801 4619 807 4634 .
1983 4585 2055 4651 tata
