4909 5425
989 428 1547 588 urbicario,
1634 457 1664 515 ³·

474 634 480 643 '
537 633 689 733 rendi,
725 659 811 748 proe
846 659 938 746 quo
957 661 1024 722 res
1052 664 1204 724 omnes
1232 635 1393 725 relictas
1414 639 1628 729 habebare
1670 633 1826 749 quibus
1845 628 2023 723 aceeffir

538 749 609 835 ille
633 750 780 835 lronor
799 747 982 860 capitis,
1019 748 1059 836 dr
1083 751 1266 863 dignitas
1295 750 1412 841 oris,
1455 752 1687 838 &morum
1709 747 1926 842 comitas,
1967 746 2012 834 u

538 858 714 948 affabilis
737 861 1010 967 humanitas,
1057 863 1099 950 dc
1136 864 1232 976 quae
1259 868 1382 976 plura
1417 863 1465 948 in·
1488 863 1662 949 laudum
1701 878 1874 950 tuarum
1905 883 2015 951 con·
2110 860 2113 867 ’

540 993 670 1060 centu
689 972 960 1061 conveniunt
987 1033 1001 1087 ,
1037 980 1129 1062 haec
1151 983 1286 1088 quum
1305 977 1463 1089 lingula
1476 976 1528 1062 ad
1556 973 1848 1062 conciliandos
1866 969 2017 1061 bomi-

538 1113 645 1173 num
682 1085 1115 1200 animos‘plurimum
1145 1094 1341 1183 valeant,
1369 1090 1443 1176 ubi
1471 1107 1557 1176 tam
1577 1087 1688 1174 felici
1705 1085 1752 1172 in
1780 1105 1823 1171 te
1855 1085 2015 1213 copula

539 1199 679 1312 juncia
700 1200 1093 1312 conspiciebantur,
1134 1201 1439 1289 omnium'tibi
1459 1226 1686 1305 amorem,
1714 1217 2015 1287 reverentiam.

538 1312 868 1400 admirationem
896 1313 1015 1398 facile
1045 1332 1419 1426 comparaverunt.
1476 1317 1579 1401 Eam
1604 1315 1664 1398 ob
1691 1340 1782 1399 rem
1808 1307 2016 1423 supremis

540 1425 821 1537 dignitatibus
852 1446 1057 1532 ornatus,
1096 1427 1375 1538 maximisque
1405 1428 1532 1513 rebus
1561 1428 1797 1530 admotus,
1834 1448 1926 1513 non
1951 1420 2015 1507 ci·

539 1540 663 1625 vium
679 1540 816 1624 solum
837 1556 1015 1626 tuorum
1038 1598 1050 1632 ‚
1089 1542 1160 1626 sed
1183 1539 1499 1652 &collegarum
1517 1541 1672 1629 oculos
1700 1539 1747 1624 in
1763 1558 1805 1625 te
1831 1556 2013 1622 convcr-

541 1651 655 1755 tisti,
685 1678 754 1736 eas
779 1653 952 1737 demum
984 1681 1049 1738 res
1089 1653 1267 1740 feliciter
1304 1655 1495 1740 evasuras
1525 1651 1790 1739 credentium
1822 1675 1917 1760 quae
1937 1663 2018 1733 tua

540 1765 812 1878 expediendae
836 1782 957 1848 erant
981 1765 1299 1878 prospicientia.
1354 1758 1415 1852 At
1431 1792 1652 1878 nunquam
1672 1785 1747 1850 tua
1764 1763 1810 1849 in
1827 1760 2018 1852 Patriam

524 1880 676 1967 'Pietas
702 1881 961 1963 luculentius
1004 1880 1044 1964 se
1077 1880 1293 1972 exseruit,
1333 1905 1465 2008 quam
1500 1878 1615 1966 fatali
1649 1880 1721 1965 illa
1747 1875 2016 1964 calamitate·

540 2019 715 2103 quum,
751 1991 975 2077 Gallorum
1009 1992 1208 2078 dominio
1241 1993 1440 2097 subdita,
1489 1996 1754 2079 conclamata
1777 2010 2019 2102 propemo·

542 2107 646 2189 dum
674 2100 752 2188 elle
785 2102 1023 2215 videbatur.
1095 2110 1240 2191 Taceo
1275 2130 1371 2219 que
1399 2121 1508 2192 tunc
1532 2103 1699 2192 civibus
1722 2100 1867 2198 officia
1898 2095 2019 2211 apud

542 2216 680 2303 hostes
707 2215 980 2330 praestiterim
1009 2222 1130 2328 quod
1155 2218 1216 2304 illi
1244 2245 1335 2304 non
1359 2235 1506 2306 tacent
1534 2217 1610 2331 qui
1639 2233 1800 2331 quanta
1819 2213 1879 2300 ibi
1905 2233 2020 2324 quo-

542 2357 627 2443 que
675 2329 903 2414 aucloritas
940 2351 1014 2416 tua
1042 2328 1140 2416 esset
1166 2358 1330 2444 magno.
1347 2336 1423 2419 suo
1456 2335 1695 2418 commodo
1720 2326 1883 2443 experti
1905 2327 2019 2417 sunt.

539 2448 589 2533 Id
611 2469 743 2528 unum
762 2469 1003 2528 memorare
1029 2446 1166 2530 debeo
1183 2501 1196 2543 ,
1247 2447 1369 2559 quod
1389 2464 1508 2560 grata
1527 2447 1691 2560 semper
1709 2461 1854 2529 mente
1867 2437 2019 2554 agnos.

541 2575 611 2642 cet
638 2555 893 2667 posteritas:
950 2583 1086 2666 quum
1117 2558 1404 2670 pulcherrima
1434 2558 1582 2645 haec&
1605 2554 1886 2644 amornifflma
1908 2547 2019 2639 civi·

541 2690 605 2758 tas
637 2669 797 2754 crudeli
830 2667 999 2756 Gallica
1036 2675 1141 2759 aula
1169 2672 1346 2759 decreto
1376 2674 1538 2759 devota
1578 2667 1866 2758 internecioni
1888 2657 2022 2778 esset»

541 2782 779 2892 diripienda
812 2783 1000 2895 primum
1041 2786 1286 2888 militibus,
1323 2811 1429 2871 mox
1464 2786 1767 2898 depopulanda
1796 2776 2063 2904 dammis-2*

542 2898 585 2984 dt
617 2895 703 2981 suia
739 2898 1076 2983 contumulanda
1099 2896 1350 2988 ruderibus,
1380 2919 1483 2984 tunc
1507 2915 1588 3000 tu,
1617 2904 1817 2984 columen
1848 2898 2021 2989 Patere,

506 3024 515 3042 ·
543 3035 668 3098 mora
701 3010 920 3116 satorum,
977 3009 1207 3124 precibus,
1237 3010 1475 3118 consiliis,
1513 3012 1725 3122 omnique
1763 3006 2017 3098 officiorum

542 3151 725 3237 genere,
777 3123 914 3210 feralis
949 3124 1165 3212 sententie
1203 3126 1561 3229 revocationem,
1605 3122 1785 3235 urbique
1814 3119 1931 3233 quali
1952 3118 2021 3206 vi·

542 3258 632 3324 tam
661 3265 712 3322 ex
738 3256 879 3323 morte
898 3235 1214 3348 impetravisti:
1272 3257 1346 3323 tua
1367 3236 1596 3351 prudentia
1612 3235 1803 3323 includis
1823 3232 2021 3359 hostibus

542 3369 595 3438 ut
614 3351 926 3438 redemtionem
942 3350 1132 3439 civitatis
1146 3377 1279 3466 quam
1301 3351 1541 3453 excidium,
1561 3354 1687 3440 rebus
1709 3350 1792 3438 suis
1810 3346 2022 3438 conduci·

543 3464 740 3552 biliorem
759 3465 990 3551 crederent

652 3690 758 3778 Non
790 3688 929 3780 dicam
962 3716 1059 3805 quae
1090 3718 1116 3780 a
1143 3692 1394 3806 quibusdam
1431 3696 1561 3781 relata
1588 3692 1638 3779 fit
1662 3690 1809 3805 gratia.
1895 3681 2021 3770 Non·

543 3804 658 3891 nulla
685 3803 855 3888 silentio
891 3805 1120 3894 transmitti
1154 3807 1284 3893 satius
1311 3806 1405 3913 est,
1457 3827 1506 3895 ut
1528 3809 1743 3894 annalium
1773 3796 2021 3886 nostrorum

545 3914 936 4011 dehonestamenta.
991 3921 1115 4005 Reble
1131 3920 1341 4006 sariorum
1364 3948 1489 4011 verus
1505 3918 1738 4008 srndusest
1755 3908 1914 4001 secilbr
1940 3935 2024 3996 nec

543 4034 679 4116 ullum
707 4030 922 4117 virtutum
959 4032 1146 4145 pretium
1174 4032 1352 4143 dignum
1375 4034 1458 4121 illis
1479 4054 1600 4122 extra
1624 4034 1747 4145 ipsas.
1802 4029 2023 4153 Caeterum

544 4146 675 4229 babet
691 4147 766 4230 has
792 4143 909 4230 vices
932 4144 1131 4231 conditio
1151 4148 1436 4253 mortalium,
1466 4166 1517 4234 ut
1538 4147 1710 4234 adversa
1725 4172 1776 4229 ex
1800 4135 2024 4265 secundis,

546 4281 601 4340 cx
619 4256 801 4343 adversis
834 4260 1015 4374 secunda
1040 4260 1274 4346 nascantur.
1329 4263 1532 4349 Occultat
1559 4276 1843 4373 utrorumque
1866 4254 2029 4338 semina

1228 4371 1409 4511 >tlte
1822 4529 1824 4534 Α
1903 4364 2030 4452 Deus
