4909 5425
686 731 955 811 Fulminatrice
986 724 1295 806 Christianorum
1317 750 1329 812 3
1365 729 1405 803 &
1431 724 1706 815 illiscellaneorum
1725 722 1949 801 Sacrorum
1974 727 2046 805 To
2072 746 2077 813 t

690 855 777 908 mus
799 829 971 931 primus,
1010 850 1100 903 cum
1128 822 1230 900 bona
1251 824 1359 901 Parte
1376 820 1497 901 Tomi
1516 815 1703 905 Secundis
1729 838 1874 921 praeter
1896 821 2047 903 minora
2072 816 2076 855 ²

693 928 811 1005 etiam
831 921 1009 1022 quaedam
1034 916 1227 1022 opuscula.
1277 917 1456 1023 Denique
1469 914 1652 1021 Lugduni
1674 940 1756 993 non
1775 936 1944 995 tantum
1968 925 2047 999 exiit

689 1020 881 1100 absolutus
903 1016 1237 1098 Miscellaneorum
1261 1018 1466 1099 Sacrorum
1482 1014 1634 1091 Tomus
1651 1010 1765 1103 alter,
1805 1010 1874 1091 scd
1903 1016 2045 1096 &heic

688 1138 776 1197 nata
801 1114 884 1194 sunt
909 1117 1116 1191 Melz-temate
1145 1138 1231 1218 quae
1257 1108 1330 1214 ipse
1354 1110 1508 1191 vocavit
1526 1107 1749 1197 Leidensra‚
1776 1134 1868 1213 quae
1898 1112 1944 1189 ὅ(
1967 1112 2039 1192 Dis
2077 1132 2083 1249 Ἰ

688 1214 936 1292 sertationum
969 1210 1200 1291 Selettarum
1235 1232 1401 1287 numero
1444 1208 1573 1310 augeri
1608 1204 1765 1308 pollent.
1831 1210 1940 1285 Sunt
1972 1210 2045 1290 lant
2080 1292 2082 1299 ,

689 1309 826 1423 scripta
848 1307 972 1385 isthaec
997 1308 1130 1384 omnia
1151 1300 1250 1383 adeo
1271 1302 1455 1409 celebrata
1472 1328 1554 1381 non
1569 1322 1718 1383 tantum
1737 1298 1801 1379 sed
1828 1306 1871 1381 &
1935 1306 2043 1397 olita,
2082 1384 2084 1389 .

691 1406 796 1484 utilia
815 1407 993 1508 variaque
1013 1400 1228 1481 eruditione
1252 1404 1291 1479 ὅ(
1315 1421 1451 1501 pictate
1472 1398 1631 1487 referta,
1658 1418 1701 1509 ut
1725 1394 1849 1507 cedro
1911 1403 2047 1507 rgnilli·
2082 1470 2085 1479 .

693 1529 756 1580 ma
786 1504 901 1582 aetatis
925 1498 1062 1577 nostrat
1084 1496 1312 1576 Felicitatem
1341 1494 1412 1575 sint
1430 1496 1518 1575 serae
1545 1494 1754 1601 posteritati
1784 1500 2050 1580 commenda·
2081 1490 2089 1633 Ι

692 1621 785 1677 tura.

789 1698 851 1771 An
874 1691 1013 1782 nostis,
1041 1694 1087 1769 A.
1105 1691 1145 1767 P.
1168 1691 1266 1769 inter
1290 1687 1472 1771 mortales
1490 1712 1728 1795 quemquam
1748 1690 2051 1775 immortalitate

694 1816 773 1893 prae
795 1788 872 1869 hoc
895 1794 988 1868 Sene
1010 1786 1142 1867 nostro
1156 1784 1341 1890 dignum?
1368 1786 1440 1864 Sed
1456 1808 1535 1865 erat
1554 1784 1627 1889 ipse
1643 1789 1853 1864 communi
1876 1788 1970 1895 lege
1987 1818 2043 1869 na·

693 1889 810 1965 tus&
832 1913 925 1965 cum
943 1884 1136 1964 atrocibus
1152 1882 1245 1988 saepe
1267 1881 1416 1962 morbis
1439 1904 1552 1989 tenue
1572 1883 1649 1971 eius
1671 1883 1958 1987 corpusculum
1977 1892 2045 1979 iam

696 1984 787 2061 olim
810 1980 1073 2063 conflitiatum
1091 1976 1182 2069 suit,
1222 1976 1323 2057 unde
1343 1979 1459 2081 longe
1480 1980 1623 2056 citroris
1652 1976 1833 2058 Decelsus
1872 2010 2042 2062 nonnun-

695 2104 814 2191 quam
835 2100 957 2157 metus
972 2074 1210 2179 gravissimus
1234 2074 1357 2153 fluxit.
1410 2083 1491 2153 Nec
1502 2097 1581 2152 erat
1601 2072 1668 2153 sub
1684 2072 1814 2183 divina
1836 2079 2045 2179 providen-

697 2197 771 2265 tia,
797 2173 866 2253 nili
886 2177 1022 2253 mentis
1043 2199 1134 2250 curn
1154 2174 1295 2274 pietate
1318 2172 1464 2267 junstus
1486 2174 1622 2274 vigor,
1659 2197 1725 2277 qur
1747 2169 1880 2275 ipsum
1905 2176 2051 2257 tamdiu

695 2272 810 2353 nobis
833 2272 1016 2361 servavit3
1049 2272 1163 2348 etiam
1184 2295 1276 2346 cum
1296 2289 1370 2347 tam
1395 2271 1545 2371 integro
1567 2266 1752 2375 Sensuum
1771 2268 1870 2381 usu,
1914 2297 1960 2355 ut
1978 2302 2053 2355 non

696 2369 831 2447 multis
851 2387 953 2445 retro
974 2361 1163 2445 mensibus
1181 2364 1294 2443 nobis
1317 2362 1534 2445 videntibus
1555 2361 1858 2447 &audientibus
1879 2368 1966 2451 sera
1983 2378 2051 2451 Ve·

696 2467 721 2547 s
738 2491 799 2543 era
817 2464 934 2543 solius
954 2463 1114 2541 Lunaris
1133 2462 1288 2541 luminis
1309 2487 1384 2565 ope
1399 2463 1606 2569 Scripturas
1621 2466 1768 2541 Graecas
1790 2466 2055 2551 minutissimis

735 2563 817 2665 ypis
833 2557 1016 2664 expressas
1035 2579 1217 2663 prompte
1239 2562 1278 2635 δε
1299 2555 1472 2660 expedite
1497 2556 1660 2661 legeret,
1688 2564 1795 2665 quod
1815 2586 1951 2643 nemo
1967 2566 2053 2647 alius

697 2678 848 2766 poterat
884 2654 1068 2761 praestare.
1120 2664 1406 2762 ingravescente
1429 2675 1557 2735 autem
1591 2675 1700 2734 astate
1730 2656 1849 2738 saevos
1874 2660 2054 2767 quando·

697 2782 774 2866 que
795 2751 1018 2833 Arthritidis
1030 2747 1184 2832 &diros
1203 2749 1617 2856 nephritidtsdcalculo
1632 2753 1824 2834 cruciatus
1836 2755 1899 2860 est¹
1915 2759 2057 2866 perpes

697 2861 767 2934 lus·
819 2856 864 2928 Et
887 2851 950 2929 sex
967 2849 1046 2928 scre
1068 2848 1206 2928 abhinc
1226 2851 1333 2928 annis
1352 2851 1391 2927 in
1412 2845 1603 2927 Cathedra
1627 2851 1858 2930 Academica
1890 2860 1981 2960 rpso
2012 2885 2053 2938 ue

702 2947 946 3032 Academicre
967 2944 1219 3053 praeleslionis
1241 2945 1346 3034 astu,
1372 2945 1514 3024 turbati
1534 2944 1662 3025 subito
1674 2947 1819 3027 cerebri
1842 2953 2000 3032 munite
2030 2957 2056 3034 is

699 3045 883 3149 equidem
905 3067 943 3126 at
954 3042 1260 3126 evanescentibus
1272 3042 1475 3150 ‘extemplo
1492 3040 1604 3154 signis
1623 3043 1694 3122 suit
1710 3047 1887 3148 primum
1908 3051 2057 3154 percul-

699 3141 770 3220 sus.
823 3145 950 3247 Atque
969 3141 1049 3220 haec
1068 3139 1167 3217 mala
1191 3135 1381 3218 clarrllimi
1401 3137 1542 3250 Medici
1561 3137 1744 3220 Frcdcrici
1759 3143 1967 3227 Deckersti
1992 3149 2054 3228 bo-

699 3263 748 3316 na
770 3259 849 3315 arte
866 3239 1000 3324 lenita,
1055 3235 1213 3316 releves
1233 3257 1364 3312 tamen
1383 3231 1540 3315 subinde
1563 3237 1717 3319 insultus
1743 3236 1919 3320 reditum
1942 3247 2054 3324 mini-

702 3333 901 3412 tabantur:
935 3261 1125 3412 vacillatio
1147 3333 1251 3411 enim
1281 3336 1321 3411 &
1342 3329 1526 3438 languor,
1561 3338 1739 3437 praeteriti
1762 3334 1855 3413 mali
1885 3339 2056 3432 radices,

699 3426 869 3509 necdum
892 3431 1094 3542 extirpatas
1115 3425 1316 3513 indicans,
1349 3451 1499 3510 metum
1526 3427 1674 3508 incullit
1705 3429 1840 3512 funesti
1864 3433 1964 3516 hinc
1992 3439 2058 3518 ali·

701 3524 859 3634 quando
880 3525 996 3604 futuri
1010 3524 1152 3603 morbi.
1203 3526 1306 3603 Huic
1318 3527 1445 3636 itaque
1463 3523 1612 3605 dudum
1633 3527 1792 3632 praeviso
1818 3525 2057 3619 [secundum

701 3623 800 3704 Clar.
825 3622 1070 3702 Boerhavenii
1089 3620 1229 3701 Medici
1245 3618 1518 3720 narrationem]
1539 3626 1689 3703 initium
1707 3623 1812 3704 dedit
1826 3627 1959 3710 Febris
1982 3637 2055 3732 pri-

701 3747 766 3800 ma
790 3720 886 3800 hora
907 3721 1094 3799 noslurna
1114 3722 1187 3798 Die
1209 3719 1284 3796 XV
1287 3723 1349 3798 ΙΙΙ.
1367 3715 1502 3826 Mensis
1515 3720 1720 3812 Octobris,
1745 3719 1849 3800 haud
1865 3745 1966 3805 tunc
1980 3733 2059 3830 opi·

701 3840 860 3898 nantem
882 3820 1117 3927 opprimens.
1167 3825 1252 3910 Qa
1274 3819 1351 3895 cito
1376 3815 1560 3896 exausta,
1588 3817 1734 3926 summa
1759 3818 1950 3932 superfuit
1972 3853 2059 3906 cor·

699 3917 788 4028 pori
805 3912 1068 4004 imbecrllitas,
1096 3914 1269 3992 &menti
1283 3913 1461 4018 Torpor,
1488 3913 1635 3994 cerebri
1649 3915 1773 3994 asiesb
1795 3913 1932 3999 index·
1961 3927 2060 4004 Haee

702 4012 779 4114 tpse
797 4008 1039 4092 considerans
1053 4007 1308 4092 Sansiissimus
1325 4015 1467 4101 Senex,
1493 4007 1642 4092 lethalia
1660 4009 1745 4090 fore
1768 4039 1911 4118 magna
1935 4025 2058 4103 animi

704 4109 912 4188 constantis
944 4107 1271 4214 tranquillitate&
1290 4108 1388 4188 mihi
1407 4111 1447 4188 δι
1470 4105 1601 4186 amicis
1618 4107 1698 4188 aliis
1724 4108 1936 4191 &ll-ledieo
1966 4143 2064 4228 ρης.

703 4199 811 4283 dixit.
862 4213 1001 4312 Neque
1019 4203 1223 4309 praesagam
1251 4205 1390 4285 mortis
1410 4207 1640 4285 Sententiam
1661 4205 1809 4300 objecta
1839 4210 1983 4292 morbi
2007 4216 2059 4295 le·

703 4301 799 4376 vitas
817 4305 1001 4393 mutavit,
1028 4299 1125 4380 dum
1140 4299 1418 4384 consummatae
1438 4305 1552 4382 aetatis
1570 4303 1827 4412 maximaque
1848 4301 2061 4394 debilitaris

702 4389 868 4496 sequelae
902 4401 1023 4482 alium
1058 4393 1162 4480 haud
1193 4401 1275 4502 pati
1312 4419 1496 4482 eventum
1530 4397 1782 4480 ominaretur.
1831 4403 1917 4483 Nee
1950 4409 2056 4490 falso.

1882 4501 2063 4590 Suavilli·
