4909 5425
856 493 924 570 Dr
963 492 1242 568 Pnornrrrs
1281 492 1574 588 aroannam·
1826 518 1885 586 171

542 607 652 705 1127.
705 601 749 686 ll.
771 603 866 704 Quia
886 607 1017 684 dicitur
1035 605 1255 704 adscendaffie
1282 604 1411 702 Gilgale.
1464 604 1560 683 Nam
1584 602 1785 708 supernates
1809 609 1887 691 des.

534 706 727 793 cendunt,
753 729 829 784 non
852 705 1092 788 adscendunt:
1121 705 1157 780 de
1183 700 1403 780 descendunt
1423 726 1444 779 e
1468 704 1595 791 coelo,
1619 729 1697 783 non
1723 732 1744 784 e
1764 707 1886 812 Gilga.

533 803 593 890 le,
621 817 687 882 aut
701 803 788 914 *alio
819 805 863 882 ali
891 828 943 882 uo
965 803 1053 881 loco
1079 819 1232 881 terreno.
1284 797 1342 878 111.
1366 801 1465 897 Quia
1496 825 1574 880 non
1606 804 1742 906 uspiam
1772 807 1885 911 dispa.

532 899 641 982 mille
667 903 806 1004 legimr.
858 827 924 982 fil.
943 903 1107 1004 Amplius
1128 901 1166 978 id
1192 899 1310 1015 firmat
1357 903 1492 976 anatim
1518 901 1682 980 chaldeus
1706 910 1883 1001 Parapbra.

523 1007 610 1100 fl,
636 1005 704 1105 qui
724 1004 814 1080 vixit
835 1004 929 1080 circa
946 1014 1112 1101 tempora
1133 999 1285 1079 Christi:
1312 1023 1396 1076 nam
1419 1001 1519 1077 hunc
1541 1000 1666 1079 locum
1696 1003 1747 1082 fic
1777 1036 1880 1103 raga-

531 1101 663 1200 φςέζυ.
714 1115 982 1186 lnecmmrmr
1008 1110 1205 1212 Pnorrrrm
1236 1121 1276 1174 ru
1303 1120 1564 1178 rrorrronrr
1600 1122 1729 1211 conam
1747 1110 1877 1214 Dour.

531 1209 840 1375 earnem
859 1191 1878 1410 „mariamlineamentalem

532 1393 706 1500 jehovae,
730 1392 804 1470 fine
826 1392 896 1470 ulla
914 1393 1122 1478 additione,
1146 1390 1366 1493 Prophetam
1391 1403 1549 1483 nubre,
1574 1393 1766 1494 praesertrm
1785 1398 1877 1472 anti-

531 1490 706 1596 quillimis
724 1491 792 1570 illie
813 1493 941 1594 populi
965 1490 1142 1571 israelitici
1165 1489 1414 1592 temporibus,
1439 1493 1571 1592 quibus
1593 1491 1782 1593 Propheta
1809 1501 1876 1570 viri

530 1603 597 1674 Dei
619 1591 842 1672 dicebantur.
894 1590 1045 1670 invenio
1076 1589 1248 1692 quidem,
1272 1589 1488 1706 prophetam
1517 1592 1667 1671 describi
1691 1602 1733 1669 ut
1754 1594 1876 1708 Ange-

530 1691 608 1772 tum
628 1689 716 1772 Dei.
767 1689 837 1768 Sed
860 1712 937 1766 non
967 1691 1138 1775 invenio,
1166 1687 1268 1790 quod
1295 1688 1360 1765 ubr
1387 1689 1544 1790 Angelus
1574 1688 1648 1768 Dei
1679 1686 1874 1793 apparuisse

530 1791 588 1872 vel
609 1787 743 1868 venisse
767 1789 918 1875 dicitur,
945 1789 996 1866 ibi
1019 1788 1199 1889 Propheta
1219 1784 1431 1888 designetur.

551 1887 658 1972 ·XI..
677 1887 724 1968 lit
745 1887 825 1965 sane
847 1910 894 1963 eo
918 1886 1082 1965 sermone
1106 1885 1266 1988 Angelus
1290 1887 1351 1964 iste
1372 1885 1434 1964 bic
1460 1885 1592 1980 utitur,
1610 1889 1674 1990 qui
1696 1913 1777 1970 non
1801 1891 1872 1974 ho·
1893 1903 2014 1975 lutee

527 1992 646 2078 nini,
665 2009 742 2066 non
765 1998 885 2064 creato
906 1985 1013 2064 alicui
1030 1985 1195 2087 Angelo,
1217 1986 1278 2063 sed
1300 1981 1366 2086 ipfi
1384 1983 1533 2088 Jehovae
1560 1989 1767 2068 conveniat:
1791 1991 1871 2080 illi.
1892 1987 2062 2058 WmN

526 2083 1115 2285 liibdilllipillis
1142 2081 1611 2263 trutinabant
1624 2089 1871 2269 slsis

1275 2232 1289 2271 θ
1854 2243 1867 2278 1

524 2209 585 2370 τ
597 2283 701 2390 quod
727 2285 820 2364 nolit
843 2283 1020 2384 expellere
1042 2281 1200 2381 reliquos
1228 2279 1440 2363 Cananaeos.
1491 2281 1580 2364 llaec
1600 2306 1679 2363 non
1699 2289 1780 2363 sunt
1802 2285 1869 2368 nifi

523 2389 625 2470 ulier
653 2384 785 2486 Angeli
816 2383 854 2459 in
880 2405 956 2484 quo
981 2403 1120 2460 nomen
1142 2377 1292 2482 Jehovae
1311 2379 1383 2472 est,
1407 2381 1444 2458 δι
1465 2383 1529 2484 qui
1549 2379 1667 2484 Josnae
1692 2407 1866 2501 appareas

523 2481 731 2568 seDucem
754 2487 976 2560 exercituum
988 2479 1144 2560 Domini
1161 2475 1228 2558 esse
1245 2479 1448 2564 testabatur.
1495 2477 1647 2584 Fingere
1666 2480 1867 2564 enrmPro·

577 2597 675 2663 etam
685 2582 790 2683 loqui
801 2594 842 2658 ut
877 2579 1000 2657 ersom
1012 2579 1103 2656 illius
1122 2583 1223 2678 cujus
1241 2581 1397 2658 nuncius
1419 2581 1571 2671 estnon
1592 2585 1766 2662 convenit
1778 2605 1866 2662 curn

624 2683 825 2797 Scriptura
851 2605 1040 2781 {rophetae
1057 2677 1192 2780 prasari
1211 2677 1342 2759 solent:
1359 2689 1411 2759 Sic
1429 2691 1477 2759 ait
1487 2682 1616 2779 Jebova.
1670 2681 1786 2781 Quod
1803 2683 1866 2763 hic

528 2808 604 2869 non
635 2786 842 2865 invemtur,
869 2803 988 2894 neque
1017 2801 1085 2857 nos
1118 2778 1165 2855 de
1195 2778 1320 2857 nostro
1350 2779 1523 2859 audemus
1555 2782 1698 2862 addere.
1748 2779 1866 2879 Quod

529 2882 692 2985 eoilgsle
708 2882 888 2980 adscendrffe
901 2877 1056 2966 dicitur,
1071 2877 1116 2955 ad
1132 2885 1241 2974 σχῆμα
1261 2880 1491 2979 apparitionis
1510 2882 1674 2977 pertinet
1724 2878 1766 2957 ln
1788 2876 1866 2957 Gil-

529 2979 960 3167 diffitens&
976 2976 1193 3155 illailla
1210 2974 1869 3155 bisaulidaim

528 3192 690 3265 uentus
703 3188 797 3263 erat,
815 3188 923 3278 atque
941 3177 1139 3253 etiamnum
1156 3177 1291 3253 morari
1304 3173 1523 3253 credebatur.
1573 3172 1738 3256 Maxime
1751 3194 1869 3279 quum

528 3302 569 3363 u
586 3302 646 3361 res
669 3274 803 3355 valeret
821 3275 866 3353 ad
884 3272 1118 3351 refricandam
1139 3275 1355 3350 memoriam
1371 3273 1632 3353 beneficiorum
1654 3274 1729 3355 illic
1741 3296 1870 3374 accep·

527 3394 675 3469 num,
692 3376 731 3453 δι
753 3376 913 3455 renovati
933 3394 997 3489 per
1028 3370 1339 3471 circumcisionem
1359 3370 1519 3451 foederis.
1570 3373 1686 3472 Quod
1709 3398 1788 3453 non
1812 3372 1869 3451 le·

525 3492 626 3587 pur
642 3480 774 3554 iterum
794 3468 1010 3574 disparuisse,
1023 3473 1196 3571 exiguum
1211 3469 1283 3549 esi:
1306 3493 1391 3551 nam
1403 3495 1522 3575 neque
1541 3474 1668 3577 Angeli
1689 3474 1785 3554 iliius
1799 3470 1869 3549 dis·

526 3580 655 3685 'itio
675 3586 835 3653 narratur
850 3574 914 3675 qui
933 3570 1139 3672 conspectus
1158 3568 1208 3647 est
1225 3566 1352 3671 Josuae,
1401 3568 1614 3688 Jonathanis
1632 3570 1865 3676 Paraphrastae

526 3678 712 3761 otiocitas
732 3674 821 3751 tanti
841 3695 916 3749 non
940 3672 1013 3759 est,
1038 3685 1079 3748 nt
1099 3668 1326 3748 solidioribus
1347 3668 1548 3753 rauonibur
1568 3674 1786 3775 praejudicet.

569 3774 655 3859 Xll.
682 3770 770 3853 Non
795 3768 995 3849 admodum
1017 3766 1171 3847 dissimili
1190 3770 1330 3848 ratione
1347 3768 1504 3871 Angelus
1525 3768 1681 3853 Domini
1701 3769 1863 3873 apparuit
1883 3793 1952 3863 χιι,
1965 3802 2024 3885 Q,-

528 3872 704 3959 Gmrona
733 3869 817 3974 Jud.
839 3893 896 3948 vr.
925 3894 978 3949 12.
1014 3870 1051 3946 &
1082 3892 1304 3950 remurinus
1343 3880 1534 3955 sensuum.
1556 3869 1858 3973 Jud.x111.3.9.
1884 3870 2049 3951 &Gideini

527 4000 585 4059 ar·
606 3994 720 4077 quem
739 3970 831 4047 male
852 3968 1101 4046 existimabant
1118 3976 1239 4045 rtrum
1249 3972 1313 4041 Der·
1335 3962 1417 4053 else.
1465 3964 1527 4047 De
1550 3982 1680 4049 caetero
1693 3974 1793 4065 serm
1804 3975 1860 4062 je.
1883 3956 2056 4114 {2⁹ersz

523 4074 609 4155 bu
634 4096 724 4151 ram
744 4070 921 4164 umpmibrn
942 4068 1124 4165 Judieunr,
1145 4090 1242 4165 nequ
1262 4064 1337 4181 pisto
1360 4084 1477 4165 aperta.
1506 4068 1635 4150 asam.
1663 4068 1860 4181 111.1.·(*)
1882 4110 2008 4192 misus

545 4226 547 4231 -
572 4170 674 4255 Xlll.
699 4168 837 4249 Interea
855 4180 974 4245 tamen
999 4176 1074 4249 Vm
1099 4174 1171 4247 Dar
1196 4177 1295 4241 vemt
1311 4164 1357 4241 ad
1380 4176 1445 4250 Eu
1467 4169 1683 4253 Sacerdotem,
1750 4160 1859 4241 avrffi.
1882 4210 1925 4248 e,

525 4292 585 4357 ΙΙ
615 4269 781 4351 oudone
805 4264 880 4347 Dei
906 4270 945 4344 in
965 4262 1083 4368 ipsum
1108 4262 1280 4343 beneficia
1292 4286 1605 4361 commemorant,
1701 4264 1765 4341 '‘ae
1790 4261 1859 4378 suar
1927 4263 2046 4333 lll’rr·

523 4422 644 4553 ἐν’·
756 4486 1146 4573 owuran
1242 4560 1325 4649 aa
1421 4518 1476 4561 .·
1789 4382 1860 4443 ω’
