4909 5425
684 496 741 571 Da
767 497 976 571 proruens
999 508 1095 565 rosc
1116 496 1302 571 caecmrc.
1325 497 1606 571 Btauromcmr.
1757 526 1815 587 αις

465 613 718 795 nudantur&
737 617 891 698 Ratione
916 621 1053 694 nomina.
1105 616 1148 695 ll·
1163 614 1319 696 Ratione
1348 621 1528 711 Tessimonii.
1579 618 1639 699 ΠΙ.
1659 618 1816 703 Ratione

532 718 658 790 'inte
709 720 796 795 ndu.

463 716 589 893 μῗΧ
619 814 780 893 Nomina
801 816 942 893 testium
963 813 1044 891 sunt
1071 826 1165 893 Urias
1194 817 1367 904 Sacerdos,
1392 815 1429 891 de
1454 814 1631 894 Zachariae
1646 820 1732 913 filius
1756 830 1815 919 Je·
1832 842 1887 911 lx,
1900 848 1995 909 ativa-

466 913 634 989 baraechiae.
686 916 788 1009 Quid
809 916 869 991 hic
892 915 1019 1002 satius,
1045 938 1090 992 an
1112 916 1158 993 de
1181 914 1394 990 hominibus
1411 918 1590 1015 cogitare,
1617 932 1743 996 caetera
1760 922 1814 1019 ig·
1831 920 2006 1081 &AE

466 1015 593 1098 notis,
621 1027 683 1089 aut
716 1015 831 1090 altero
867 1015 974 1090 etiam
1000 1013 1145 1113 pessime
1176 1026 1299 1103 noto,
1336 1015 1399 1115 qui
1435 1019 1496 1090 vix
1533 1017 1732 1118 quidquam
1768 1017 1813 1095 ad
1836 1002 1927 1097 Μ’.

468 1112 791 1189 confirmationem
820 1112 926 1210 hujus
954 1114 1155 1212 prophetiae
1190 1111 1356 1189 conferre
1380 1126 1601 1212 potuerunt,
1628 1140 1673 1194 an
1703 1115 1751 1193 de
1770 1118 1815 1195 iia
1832 1080 2001 1232 mg

467 1212 533 1311 qui
561 1209 684 1286 iisdem
708 1213 917 1287 nominibus
943 1210 1026 1285 alibi
1058 1215 1095 1287 in
1121 1212 1223 1291 sacris
1244 1212 1402 1287 maxima
1428 1234 1514 1289 cum
1540 1214 1646 1291 laude
1671 1238 1814 1293 memo-
1832 1236 1973 1297 rasaro-

467 1310 623 1393 rantur?
650 1309 746 1405 Quis
764 1309 926 1395 dubitet,
948 1309 1021 1385 boc
1042 1310 1322 1411 praeserendum,
1336 1306 1401 1385 nist
1423 1310 1467 1387 asi
1494 1312 1556 1387 uid
1579 1313 1723 1389 obstet?
1748 1313 1814 1393 Ni.
1828 1314 1924 1390 ptem

467 1408 519 1485 hil
539 1422 662 1485 autem
686 1409 825 1485 obstare
851 1431 942 1484 mox
974 1408 1212 1486 ostendemus.
1265 1407 1379 1486 Porro
1407 1334 1571 1488 laudatur
1598 1421 1693 1488 Urias
1720 1412 1814 1493 filius

468 1512 602 1602 semaia
627 1530 674 1583 ex
694 1516 803 1584 Kiriaa
822 1516 965 1603 jearim,
994 1509 1056 1608 qui
1082 1532 1197 1609 quum
1223 1504 1463 1608 prophetasset
1486 1524 1613 1589 contra
1644 1510 1814 1591 Hieroso-

468 1606 632 1707 lymam,
657 1606 694 1682 aa
717 1622 847 1684 terram
874 1604 1001 1707 Judae,
1028 1607 1195 1708 aufugere
1223 1611 1262 1684 in
1290 1605 1491 1705 AEgyptum
1517 1608 1684 1697 coaetus,
1709 1611 1811 1689 iude·

468 1728 541 1807 que
566 1704 789 1783 accerfituaa
811 1706 912 1806 Rege
929 1703 1117 1805 Jojakimo
1146 1710 1265 1807 capite
1288 1705 1477 1782 multtatus
1513 1706 1572 1787 est
1609 1708 1681 1811 Jet.
1700 1732 1816 1792 xxv-r.
1868 1730 1872 1735 ·

470 1830 529 1887 ao
583 1804 673 1883 Non
707 1806 838 1883 dicitur
901 1804 1022 1881 uidem
1054 1804 1178 1883 diserte
1213 1829 1298 1883 eum
1325 1803 1449 1881 Uriam
1474 1810 1669 1883 Sacerdotem
1693 1806 1814 1898 fuisse,

469 1903 528 2018 sed
554 1927 625 1981 nec
656 1904 854 2018 quidquam
873 1828 1032 1991 ¹dicitur,
1059 1905 1157 1981 unde
1182 1903 1333 2004 suspicio
1359 1902 1516 1981 incidere
1540 1920 1649 2021 queat
1669 1922 1816 1987 coutra-

471 2006 522 2081 tit.
577 2002 706 2082 Praeter
728 2002 849 2081 Unam
869 2000 989 2089 hunc,
1015 2001 1216 2080 notissrmus
1242 2002 1291 2079 est
1312 2000 1491 2081 hamas
1515 2004 1607 2083 tinus
1633 2008 1815 2097 Baracbiae,

472 2104 574 2201 cujus
594 2101 770 2179 volumen
794 2102 1048 2202 propheticum
1073 2102 1272 2186 habemus,
1300 2103 1364 2202 qui
1387 2100 1450 2178 sub
1476 2101 1595 2181 Dario
1621 2103 1815 2219 propheta.
1916 2164 1927 2184 .

471 2202 530 2279 uit
584 2201 748 2279 Nomina
778 2224 866 2279 veto
898 2203 1054 2276 anacim
1088 2200 1125 2299 da
1156 2202 1369 2295 jehonenu,
1394 2202 1503 2277 unica
1529 2200 1646 2280 solum
1677 2203 1817 2283 retemta

472 2298 644 2387 dicrota,
672 2300 786 2404 eique
817 2322 899 2401 quae
930 2300 1069 2375 nullam
1100 2296 1349 2399 significationi
1374 2301 1614 2378 mutationem
1645 2301 1815 2389 inducit;

472 2410 538 2503 pto
553 2421 631 2477 uno
652 2398 858 2499 eodemque
875 2398 1031 2479 nomine
1045 2400 1177 2475 merito
1197 2396 1393 2476 censentur.
1445 2396 1497 2477 Hi
1514 2396 1596 2479 saue
1613 2398 1714 2503 digni
1734 2396 1817 2478 sunt

473 2502 624 2679 qupro
645 2497 791 2575 testibus
811 2496 1055 2575 adhibeantur.

598 2599 648 2679 tt
673 2595 867 2698 quomodo
887 2600 968 2697 relies
989 2593 1057 2672 esse
1075 2605 1243 2693 poterant
1263 2594 1410 2770 ¹sesaiaei
1433 2591 1475 2673 Id
1498 2619 1598 2675 nunc
1623 2620 1812 2702 exponen·
1831 2632 1872 2697 χ,
1884 2637 1997 2724 prpe

498 2724 590 2778 um:
615 2694 719 2814 quod
740 2694 844 2797 spero
870 2719 931 2772 me
953 2694 1125 2773 sciturum
1147 2690 1214 2772 esse
1241 2692 1435 2773 cariffime.
1486 2694 1701 2776 Videndum
1721 2698 1811 2800 quid
1829 2713 1991 2793 quaenam

472 2805 527 2882 his
560 2795 740 2899 capitibus
764 2796 973 2873 vaticinetur
1008 2792 1147 2896 Jesaiaa.
1196 2793 1330 2896 Judaeia
1366 2795 1581 2895 praedixerat
1615 2797 1812 2874 aduentum
1828 2787 2004 2883 ‘massas‘

471 2895 606 2982 Messa
626 2894 672 2973 ad
706 2894 887 2995 populum
921 2894 1047 2981 suum,
1074 2893 1124 3008 &¹
1142 2893 1360 3008 qualitatem·
1381 2893 1475 2969 iilius
1506 2897 1707 3008 temporie,
1732 2915 1811 3006 quo
1825 2877 1983 3022 imm
2026 2979 2029 2984 ¹

472 3002 500 3077 is
532 2996 689 3075 debebat
721 2993 843 3088 nasci3
877 2993 1090 3093 praedixerat
1115 3006 1203 3069 rtem
1237 2991 1475 3078 calamitates,
1499 3012 1589 3092 quac
1615 3015 1655 3067 m
1689 2990 1746 3077 se,
1770 3015 1810 3066 m

522 3097 677 3200 pulum,
703 3093 741 3168 in
762 3091 917 3169 domum
941 3092 1036 3170 suam
1055 3092 1255 3168 accersebat
1272 3087 1654 3174 Acbazus,insetendaa
1674 3088 1812 3190 petuis-

484 3203 592 3298 yrios,
605 3192 643 3270 id
660 3191 710 3269 est
719 3189 1004 3368 Tilpsatsiseser,
1030 3189 1337 3274 &Sanheribum,
1363 3183 1506 3290 Assyriae
1516 3185 1654 3290 Reges,
1679 3188 1813 3290 quibua

471 3298 573 3397 jungi
610 3289 728 3394 potest
790 3288 1063 3367 ebucadnetzar.
1113 3285 1209 3364 Nam
1241 3286 1321 3388 pon
1347 3309 1433 3364 uam
1466 3285 1682 3368 Monarchia
1714 3282 1814 3390 Assy·

472 3397 611 3472 tiocum
644 3389 690 3466 ad
716 3387 905 3468 Chaldaeos
930 3387 1094 3466 mandata
1124 3381 1233 3473 esset,
1257 3311 1417 3466 chddaei
1446 3383 1514 3465 Ass
1548 3387 1667 3464 ‘orum
1689 3389 1815 3466 uomi-

470 3483 1433 3690 attffleit¹¹nbbisti¹²iit¹biniit}
1455 3485 1815 3688 assitens·

1050 3635 1064 3674 ,
1797 3629 1816 3649 .

470 3692 668 3774 nubantur,
694 3685 739 3765 ad
764 3707 859 3786 quos
881 3709 992 3764 nemo
1018 3695 1122 3764 antea
1146 3683 1318 3762 accedere
1349 3682 1450 3762 ausus
1477 3683 1614 3776 suerat,
1637 3697 1729 3762 nanc
1755 3681 1816 3760 su·

470 3791 542 3868 turi
570 3783 681 3864 essent
715 3783 811 3862 atius
843 3786 1034 3874 bovis,&
1068 3781 1302 3862 conculcatio
1332 3783 1436 3870 ouis,
1461 3781 1501 3859 id
1535 3781 1587 3860 esi
1616 3771 1744 3860 sernia
1776 3779 1816 3856 &

471 3890 591 3969 secura
627 3881 775 3986 pascua,
797 3881 870 3962 sure
903 3884 1081 3969 serarum,
1106 3882 1179 3976 fine
1213 3881 1372 3962 hostium
1402 3894 1519 3961 metu.
1568 3879 1660 3961 Hac
1691 3895 1815 3960 autem
1967 3891 1972 3898 '

469 3988 598 4068 omnia
635 3982 704 4059 suia
735 3981 948 4060 testimoniis
978 3983 1271 4078 confirmarunt,
1307 3991 1403 4060 Uria
1431 3981 1525 4060 silius
1560 3985 1714 4076 Semjae,
1730 3978 1816 4158 eam

470 4089 516 4167 de
549 4083 745 4162 rannone
777 4093 879 4160 terrac
905 4079 1093 4185 Judaicae,
1127 4094 1225 4158 taum
1256 4081 1453 4160 comiantia
1489 4081 1700 4160 vaticinatus
1798 4100 1813 4172 3

468 4187 507 4264 ἀ
529 4184 710 4266 Zacharias
730 4181 826 4258 filius
849 4183 1028 4268 barachia,
1054 4181 1119 4283 qui
1143 4180 1227 4282 post
1240 4177 1404 4260 ¹solutam
1431 4183 1674 4284 captivitatem
1695 4175 1815 4282 Baby·

468 4287 634 4364 lonicam
667 4281 818 4368 tieem,
852 4281 1190 4384 multiplicationem
1224 4281 1354 4384 popuii
1380 4283 1421 4358 in
1447 4293 1563 4370 terta,
1594 4277 1815 4358 benedictio·
1913 4371 1917 4378 ,

467 4409 556 4463 uetn
582 4397 706 4474 terro,
729 4379 766 4456 de
788 4379 982 4460 adtentum
1016 4377 1149 4460 Meffiae
1169 4377 1284 4458 isthoc
1302 4381 1476 4481 temporis
1509 4373 1685 4468 articulo,
1709 4377 1814 4474 lucu.
1872 4451 1888 4476 1,
1921 4407 1930 4472 .'

465 4479 661 4582 leatiffimt
681 4475 858 4584 praedixit
908 4479 1026 4582 Quod
1047 4493 1170 4562 autem
1187 4480 1232 4558 iri
1249 4481 1289 4558 iu
1310 4479 1465 4562 cautem
1488 4473 1813 4660 mjeffisseffi
1878 4549 1884 4562 ,
1923 4487 1964 4566 ·,
