4909 5425
1072 475 1405 579 ORATIO
1543 552 1546 557 -

553 646 1112 678 W*—
1683 640 1922 671 *Q

597 714 754 799 uorsum
776 712 865 822 post
890 711 998 796 ferias
1024 710 1253 794 caniculares
1275 714 1391 792 Anni·
1407 719 1455 789 M
1460 716 1501 789 D
1510 709 1662 788 CLIV·
1681 711 1921 816 profestos,

554 814 593 897 Ϊ
622 815 820 920 eologiam
838 815 950 917 praeci
979 837 1026 890 ue
1051 808 1245 900 excoluit,
1271 834 1321 888 eo
1341 834 1422 888 nno
1441 829 1535 888 tunc
1552 807 1735 889 nonore
1750 813 1797 891 ὃ(
1818 813 1923 892 Duc-

556 931 647 993 tore
670 930 889 992 contentus.
963 905 1015 986 ub
1028 905 1370 1004 cujusDireuione
1388 908 1691 988 inConcionum
1708 910 1922 990 Sacramm

552 1005 962 1118 praeexercitmncntiss
993 998 1279 1116 Bropositiones
1319 1023 1496 1096 vocant,
1526 997 1678 1181 Linguis
1700 1001 1863 1085 Gallim
1890 1010 1924 1088 se

555 1109 748 1195 exercuit,
772 1126 891 1208 atque
912 1127 954 1179 iii
975 1099 1035 1179 his
1055 1124 1142 1179 eam
1162 1096 1218 1178 sui
1235 1097 1342 1209 spem
1360 1101 1507 1205 Magno
1523 1100 1581 1180 isti
1633 1124 1669 1180 ir
1725 1101 1921 1214 praebuit,

556 1224 604 1285 ut
628 1228 710 1282 non
734 1195 969 1309 obstantibus
989 1197 1165 1302 plurimis
1183 1191 1489 1309 gravissimisque
1501 1196 1837 1309 occupationibus
1861 1199 1925 1280 de-

556 1295 869 1380 clamatiunculas
899 1291 983 1375 istas
1008 1291 1033 1372 a
1057 1289 1294 1373 soloecismis
1315 1292 1470 1375 Gallicis
1489 1290 1748 1375 &Idiotismis
1769 1295 1925 1381 latinis

558 1395 624 1478 vel
646 1392 808 1498 Belgicis
836 1388 1052 1470 emaculare
1076 1383 1255 1490 dignatus
1282 1387 1398 1468 suerit
1425 1411 1634 1498 antequam
1656 1391 1698 1468 in
1731 1390 1858 1472 Colle
1889 1397 1927 1475 'o

557 1490 821 1573 recitarentur.
872 1492 989 1566 Anno
1011 1483 1062 1564 fic
1081 1486 1294 1589 Groningae
1310 1487 1471 1578 exasio,
1505 1490 1546 1567 δι
1568 1482 1832 1567 honestissimi
1891 1518 1927 1569 e-

559 1586 737 1670 stimonii
759 1602 981 1663 commeatu
1001 1579 1479 1692 ashuologicaFacultate
1492 1587 1547 1664 ini
1576 1603 1727 1694 etrato,
1753 1584 1928 1670 Leidam

559 1683 771 1791 cogitabat.
822 1686 875 1759 At
900 1679 1000 1785 peste
1024 1676 1077 1756 ibi
1101 1677 1306 1785 saviente,
1341 1680 1496 1760 charam
1523 1607 1592 1760 fiii
1615 1680 1847 1774 insenum
1870 1713 1930 1766 re·

559 1807 694 1861 meare
722 1779 898 1859 animum
920 1772 1099 1863 induxit,
1141 1792 1186 1853 ut
1207 1773 1423 1856 felicissime
1443 1778 1547 1872 jactis
1573 1803 1655 1856 non
1676 1796 1840 1858 tantum
1862 1779 1927 1862 sed

559 1878 603 1955 δι
629 1876 702 1956 alte
725 1873 919 1980 exstrusiis
939 1873 1015 1967 jam
1036 1869 1269 1974 Theologiae
1295 1869 1553 1954 fundamentis
1581 1871 1665 1979 plus
1683 1874 1772 1951 auri
1797 1879 1841 1955 δι
1864 1905 1922 1957 ar-

590 1976 669 2053 enti
687 1977 728 2053 &
748 1971 1008 2077 pretiosorum
1027 1964 1221 2071 Lapidum
1249 1965 1509 2048 inaedificaret.
1560 1975 1691 2077 ltaque
1717 1994 1807 2050 non
1827 1978 1938 2052 Pr0-'

559 1995 718 2153 sessores
742 2064 869 2147 modo
887 2060 1115 2177 Theologos
1129 2061 1339 2167 diligenter
1361 2090 1465 2144 nunc
1488 2067 1546 2145 uti
1574 2087 1683 2146 antea
1701 2067 1864 2171 publice
1881 2073 1923 2149 δι

559 2169 747 2277 privatim
769 2161 951 2242 docentes
970 2157 1117 2239 audivit
1134 2189 1147 2249 3
1186 2159 1251 2239 sed
1272 2165 1313 2242 iic
1334 2160 1571 2243 familiariter
1592 2161 1819 2242 admodum
1840 2166 1928 2246 usus

559 2262 617 2345 est
638 2265 735 2344 Viro
757 2256 976 2364 plurimum
992 2256 1226 2339 Venerando
1243 2256 1353 2358 Justo
1375 2286 1449 2342 van
1472 2257 1548 2340 den
1566 2262 1626 2338 Bo
1652 2256 1786 2354 aerdt3
1814 2265 1928 2357 cujus

560 2363 770 2448 Pietatem,
796 2355 1042 2462 prudentiam
1063 2352 1248 2459 dotesque
1262 2353 1507 2460 admirabiles
1525 2359 1577 2436 ita
1604 2383 1636 2434 ae
1669 2354 1849 2450 imabat,
1886 2379 1931 2439 ut

561 2458 767 2539 neminem
832 2479 914 2532 rem
933 2446 1234 2559 eiEcclefiastem
1247 2474 1398 2557 vivere,
1420 2453 1637 2545 juveniliter
1653 2453 1838 2546 fortasse,
1866 2451 1931 2537 sed

458 2633 463 2640 .
563 2574 775 2637 ramencre
803 2569 898 2629 eret.
946 2549 1002 2623 Ex
1014 2545 1113 2623 illius
1134 2546 1422 2637 concionibus,
1448 2548 1552 2630 collo
1581 2552 1651 2628 uiis
1668 2553 1933 2654 &exemplo,

560 2652 747 2737 interiora
777 2646 902 2750 Regni
917 2642 994 2750 Dei
1014 2645 1055 2722 &
1079 2642 1122 2719 M
1151 2640 1233 2750 stici
1252 2667 1297 2722 ac
1327 2643 1530 2749 spiritualis
1546 2575 1831 2731 dhrissianismi
1853 2653 1931 2730 Ar-

561 2775 659 2830 cana
676 2744 823 2826 didicit.
870 2742 923 2849 Ex
943 2734 1013 2817 illo
1030 2756 1107 2816 inte
1137 2757 1242 2829 exit,
1277 2762 1469 2846 quantum
1497 2741 1685 2824 interesset
1706 2744 1811 2826 inter
1837 2773 1931 2827 eam

561 2870 697 2928 rerum
714 2836 871 2918 Theolo
912 2860 1045 2915 carum
1066 2832 1366 2947 'ualemcunque
1382 2841 1689 2952 cognitionem,
1714 2869 1841 2951 quam
1858 2848 1931 2925 Ex·

563 2943 694 3021 ercitia
712 2933 851 3017 Schola
896 2958 940 3011 ca
966 2936 1008 3012 δι
1026 2934 1083 3040 Li
1106 2959 1139 3011 ri
1165 2928 1313 3013 erudite
1335 2934 1403 3015 scri
1433 2958 1463 3017 ti
1484 2942 1525 3018 &
1546 2944 1724 3045 pertinax
1741 2938 1932 3024 Studium

562 3036 729 3144 ingeniis
745 3057 843 3144 verae
859 3026 1176 3141 Sanfflficationis
1195 3036 1316 3133 gratia
1334 2964 1520 3115 destitutis
1540 3037 1717 3116 conferre
1733 3034 1927 3137 possunt,

563 3136 608 3213 dt
630 3149 731 3209 inter
749 3133 794 3210 Sa
823 3147 980 3237 ientiam
998 3123 1106 3204 illam
1122 3123 1334 3220 caelestem,
1360 3156 1448 3238 quae
1468 3129 1722 3225 meditando,
1749 3132 1937 3228 orando,

564 3222 760 3337 amando,
785 3154 1019 3333 liimiliariter
1035 3246 1128 3330 cum
1152 3226 1242 3305 Deo
1258 3226 1546 3320 conversando,
1572 3230 1654 3335 ipso
1671 3227 1785 3335 gustu
1798 3233 1843 3308 δι
1863 3257 1934 3312 ex·

618 3342 752 3432 nentia
769 3342 902 3427 rerum
916 3316 1181 3429 ‘spiritualium
1219 3344 1494 3429 comparatur,
1535 3352 1697 3437 quaeque
1730 3323 1753 3403 a
1780 3328 1933 3432 Spiritu

562 3349 660 3509 gei,
685 3439 787 3498 intus
800 3413 1069 3527 illuminante,
1093 3420 1362 3529 convincente,
1382 3419 1651 3527 persuadente,
1677 3420 1930 3528 obsignante,

561 3512 737 3625 profesio
753 3568 765 3605 ,
791 3510 1014 3592 universum
1032 3511 1238 3594 honnnem
1262 3516 1312 3598 ad
1332 3515 1604 3599 sanctissimam
1620 3518 1759 3599 Christi
1779 3521 1864 3599 ima

563 3639 661 3697 nem
691 3606 862 3716 gloriose
896 3606 1153 3721 transformat.
1202 3616 1418 3706 Breviter,
1458 3615 1558 3698 illius
1590 3614 1805 3697 sansiilsnni
1881 3617 1931 3698 iri

563 3734 688 3817 opera.
703 3704 816 3789 fassus
832 3703 886 3785 est
904 3702 942 3817 se
957 3703 1223 3786 introducium
1245 3706 1269 3787 a
1287 3711 1469 3791 Domino
1492 3714 1575 3812 Jesu
1594 3718 1633 3793 in
1647 3711 1846 3819 penetrale
1870 3715 1931 3796 su·

563 3833 660 3897 um,
685 3830 779 3884 cum
807 3824 895 3885 ante
913 3828 952 3881 in
972 3805 1072 3882 atrio
1100 3829 1257 3885 morans
1275 3807 1390 3885 nimis
1407 3805 1477 3889 sibi
1497 3814 1538 3890 &
1567 3809 1678 3890 stulte
1703 3808 1931 3915 placuiss'et,

563 3926 682 4012 atque
701 3902 758 3982 ibi
776 3898 940 3982 demum
958 3896 996 3978 se
1017 3895 1209 4009 didicisse,
1235 3901 1377 3997 eiurata
1395 3909 1508 3985 omni
1528 3906 1687 3988 scientiae
1706 3930 1804 3986 vana
1822 3933 1927 4011 prae·

561 3999 786 4106 sumptione
817 3995 868 4109 ad
886 3993 1045 4109 culestis
1064 3995 1236 4099 Magistri
1266 3998 1602 4108 pedes-hinniliter
1625 3999 1852 4095 considere,
1884 4010 1928 4086 δι

563 4124 736 4201 regnum
756 4102 830 4178 Dei
849 4118 1020 4203 accipere
1037 4091 1143 4171 velut
1158 4096 1359 4199 puerulus.
1405 4108 1467 4182 Ne
1484 4122 1616 4182 tamen
1640 4100 1861 4180 existimetis
1883 4101 1930 4182 il·

563 4190 653 4276 lum
674 4198 807 4274 animo
837 4190 889 4272 sic
911 4186 961 4272 ad
983 4206 1162 4301 pietatem
1191 4221 1355 4278 omnem
1374 4196 1586 4278 sormaiido
1616 4195 1850 4287 incubuisse,
1881 4219 1928 4278 ut

535 4289 801 4373 »Academica
830 4287 1042 4395 negligeret
1069 4311 1125 4364 im
1182 4289 1325 4376 sterum
1352 4290 1509 4387 studia,
1543 4293 1665 4375 facere
1696 4293 1853 4400 possunt
1882 4300 1928 4377 δι

562 4384 710 4473 debent
722 4385 867 4476 Theseo
878 4388 926 4474 ab
938 4378 1023 4491 ipso
1042 4408 1064 4467 c
1132 4390 1265 4499 criptae
1285 4389 1334 4476 dc
1349 4396 1493 4479 Sacro·
1505 4392 1638 4476 Saucia
1656 4393 1841 4476 Trmitate
1875 4417 1931 4473 ex

1776 4485 1927 4592 Judaeis
