4909 5425
778 517 846 591 De
892 514 1166 589 Pnorrrerrs
1213 515 1548 590 irretierit.
1695 468 1698 473 Ι
1783 538 1839 609 ¹⁴7

486 639 654 723 adversus
676 638 840 720 israelitas
864 639 980 715 valere
1005 632 1309 736 deprehendisset,
1337 636 1458 712 audor
1484 638 1550 715 fuit
1572 639 1770 723 Midianitis
1793 671 1835 728 ac
1852 671 2019 763 desupra

486 744 667 824 Moabitis
695 756 736 817 ut
759 740 845 816 filias
875 736 1051 837 nurusque
1077 734 1152 811 suas
1186 750 1411 835 exponerent
1433 736 1565 813 lascivis
1601 738 1830 826 israelitarum
1853 757 2009 825 Hebrus·
2075 836 2081 845 Ι

486 841 740 943 amplexibus,
796 861 849 913 uae
877 860 896 912 a
922 835 1127 936 parentibus
1157 832 1356 909 informatae
1383 837 1591 914 meretriciis
1625 842 1759 921 artibus
1785 849 1830 924 ad
1850 836 1962 919 ‘sfilii-

513 938 748 1041 mpudiosum
770 863 887 1015 qaalis
913 933 1050 1009 cultum
1073 955 1136 1008 eos
1158 933 1379 1033 pellicerent.
1429 934 1544 1031 Quod
1565 935 1713 1014 Bileami
1740 967 1830 1023 con.

482 964 605 1116 Elium
636 1037 749 1114 multa
782 1034 953 1110 sermonis
982 1032 1154 1130 elegantia
1186 1031 1290 1110 Philo
1321 1031 1357 1106 &
1388 1031 1563 1134 Josephus
1597 1058 1829 1131 exornarunt,

481 1135 531 1217 Ee
560 1137 641 1212 sane
665 1157 742 1211 non
776 1135 889 1210 caruit
923 1129 1061 1207 lunesto
1094 1128 1157 1205 suo
1196 1127 1361 1207 successu.
1410 1131 1515 1210 Dum
1548 1137 1645 1212 enim
1679 1135 1830 1223 Sittimis
1862 1202 1874 1209 -

481 1237 723 1315 morabantur
754 1231 934 1315 israelitae,
961 1223 1067 1304 millae
1088 1229 1126 1303 in
1158 1251 1287 1304 eorum
1314 1230 1422 1307 castra
1452 1230 1658 1312 Moabiticae
1684 1236 1722 1312 de
1752 1239 1831 1320 Mi.
1975 1236 1979 1246 '

482 1335 665 1412 dianitioae
690 1332 861 1432 virgines,
889 1327 1038 1412 scitulae,
1063 1326 1459 1427 comptulae,·bellulae,
1482 1330 1600 1408 faciles
1625 1333 1658 1411 se
1688 1337 1830 1434 juveni.
1995 1413 1998 1417 ,

482 1435 554 1511 bus
577 1431 817 1510 Hebraeorum
848 1427 1096 1529 praebuerunt,
1121 1424 1343 1526 accensisque
1368 1450 1496 1505 eorum
1517 1434 1668 1522 animis,
1695 1457 1736 1515 ac
1761 1438 1829 1518 sta.

481 1534 558 1610 bile
582 1531 798 1630 conjugium
847 1526 1137 1610 romittentibus‚
1164 1548 1205 1601 ea
1238 1524 1271 1601 se
1308 1525 1457 1604 demum
1489 1529 1568 1630 lege
1600 1532 1830 1619 obsecuturae

480 1630 723 1731 respondent,
748 1550 844 1704 fiel
859 1623 1059 1702 eorundem
1084 1622 1263 1733 deorum,
1283 1627 1321 1701 in
1347 1648 1505 1726 quorum
1525 1633 1626 1706 terris
1655 1636 1826 1715 consede·

481 1735 580 1818 rint,
606 1726 791 1805 transirent
825 1725 974 1802 cultum.
1025 1721 1153 1800 Parent
1184 1727 1361 1800 temerarii
1395 1724 1564 1810 Israelitae.
1612 1730 1756 1812 invitari
1788 1736 1824 1817 se

481 1831 671 1932 patiuntur
692 1827 736 1903 ad
759 1823 881 1926 epulas
899 1820 1099 1908 sacrorum,
1126 1821 1316 1900 vescuntur
1334 1823 1477 1900 idoloth
1503 1827 1547 1903 tis
1559 1882 1573 1920 ,
1595 1832 1767 1932 copulant
1789 1836 1825 1916 se

482 1952 571 2007 cum
596 1925 678 2006 Baal
700 1925 813 2011 Peor,
838 1932 1123 2023 veneranturque
1149 1923 1374 2023 propudium
1403 1850 1505 2009 illutl
1557 1927 1655 2007 Hinc
1681 1936 1826 2015 accensa

481 2031 534 2105 ira
559 2025 634 2104 Dei
658 2026 696 2101 in
720 2022 922 2123 populum,
948 2031 1022 2096 tam
1047 2020 1183 2096 foedam
1217 2020 1423 2120 apostasiam
1451 2046 1530 2100 non
1563 2027 1730 2116 serentise
1757 2034 1826 2131 jus.

480 2127 603 2226 sitque
630 2121 756 2201 Mosen
790 2122 966 2221 primores
997 2119 1124 2218 populi
1147 2121 1236 2194 tanti
1261 2118 1398 2196 sceleris
1432 2137 1573 2221 apertos
1616 2128 1660 2202 ad
1688 2128 1824 2225 solem,

478 2226 523 2304 id
549 2222 600 2299 est
614 2221 752 2323 palam,
778 2215 943 2318 affigere,
970 2219 1067 2315 prius
1091 2219 1289 2303 nimirum,
1314 2221 1368 2292 uti
1388 2219 1449 2295 lex
1469 2222 1515 2298 de
1545 2223 1743 2303 idololatris
1767 2232 1826 2327 ju-

478 2324 614 2409 bebat,
639 2319 823 2420 lapidatos.
876 2317 1004 2394 Caeteti
1029 2336 1178 2416 quoque
1197 2314 1359 2412 judices,
1386 2331 1486 2394 certo
1513 2344 1667 2399 numero
1693 2328 1825 2404 consti.

479 2426 575 2508 tuti,
601 2418 856 2496 interfecerunt
876 2427 967 2517 quot
994 2427 1062 2489 uot
1083 2412 1225 2489 suarum
1247 2417 1404 2513 partium
1432 2439 1477 2495 co
1505 2419 1589 2496 ulati
1613 2435 1713 2499 erant
1737 2449 1824 2507 cum

479 2521 564 2604 Baal
585 2519 689 2599 Peos.
705 2517 815 2596 Num.
829 2536 914 2630 xxy.
966 2438 1075 2591 lenti
1098 2512 1255 2590 israelitis
1289 2514 1447 2593 constitit
1467 2441 1645 2598 diabolica
1671 2521 1824 2604 Bileami

480 2621 629 2701 astutia:
658 2640 766 2721 quam
787 2615 909 2692 multis
939 2612 1019 2715 post
1041 2635 1120 2689 eam
1153 2636 1235 2690 rem
1254 2611 1377 2691 seculis
1401 2617 1439 2691 in
1463 2622 1678 2698 memoriam
1700 2625 1743 2705 iis
1765 2647 1823 2701 re·

479 2733 589 2800 vocat
609 2718 715 2799 Deus
738 2715 850 2796 mich.
865 2737 922 2792 vr.
942 2738 973 2811 5.
999 2714 1113 2808 Popule
1131 2721 1178 2808 me·
1188 2767 1202 2805 ,
1224 2717 1384 2791 merdam
1401 2723 1473 2810 jare
1493 2722 1574 2818 quid
1594 2723 1824 2815 confilie‘inive·

477 2831 525 2901 rit
548 2822 671 2911 Balec,
694 2845 751 2937 rex
770 2815 1011 2899 Morditaerum,
1037 2812 1078 2901 ἀ
1099 2815 1180 2936 qeid
1199 2816 1385 2936 eejponderit
1405 2825 1434 2890 er’
1454 2822 1574 2894 Be‘leaee
1585 2822 1679 2917 filius
1699 2827 1821 2917 uera,

478 2915 1224 3117 &ffloffleqqffloJssqugstdffiqqssu
1245 2916 1558 3128 quqqqqquqqqis
1588 3012 1671 3092 ellet
1696 2953 1815 3097 nomi.
1829 3053 1909 3124 m

477 3123 533 3200 uie
558 3116 611 3197 sui
634 3117 810 3194 memoria
837 3115 875 3187 in
899 3111 1059 3189 universa
1091 3108 1245 3191 Ecclelia
1265 3108 1339 3189 Der
1351 3157 1363 3198 ,
1389 3109 1427 3185 de
1453 3124 1494 3188 ut
1519 3125 1647 3213 typum
1675 3131 1813 3218 gereret
1828 3142 1939 3228 ouem

477 3241 610 3301 eorum
635 3217 698 3317 qui
718 3211 925 3291 libidimbus
945 3214 1060 3290 carnis
1088 3210 1246 3286 faventes
1273 3233 1293 3286 a
1318 3210 1413 3287 casto
1437 3209 1511 3290 Dei
1539 3235 1664 3292 amore
1719 3240 1814 3319 opu.
1829 3221 1992 3316 verenae

475 3321 553 3399 lum
578 3318 656 3416 ejus
680 3312 863 3391 seducunt.
915 3311 1014 3389 Sicut
1034 3309 1085 3385 ob
1110 3331 1189 3384 eam
1219 3330 1295 3384 rem
1325 3309 1382 3388 An
1408 3310 1467 3388 elo
1493 3309 1654 3391 Euclesrae
1682 3240 1812 3420 ὅπερ.
1828 3319 1988 3438 goms‘s‘

473 3439 594 3499 menet
620 3413 748 3513 objicit
775 3411 982 3497 Dominus,
1008 3406 1111 3510 quod
1137 3407 1262 3483 laberer
1284 3418 1341 3509 qm·
1460 3419 1541 3489 ‘een
1563 3415 1707 3494 balaam
1727 3437 1812 3495 eene-
1826 3395 1976 3516 baffi*

472 3538 570 3599 reret:
593 3525 652 3619 qui
674 3511 800 3589 decelat
830 3518 981 3589 satarum
1009 3508 1134 3605 objicere
1147 3509 1226 3607 filiai
1252 3510 1370 3602 Israeli
1395 3511 1555 3606 effinsaer,
1579 3533 1617 3590 eet
1639 3519 1813 3694 idolotbstei
1825 3528 1998 3613 &aspicell

472 3621 695 3718 menese,
720 3612 761 3701 &t
778 3614 1024 3710 fornicumtm.
1049 3610 1163 3710 npoe
1192 3633 1248 3685 rr.
1269 3632 1323 3706 14
1376 3608 1445 3687 Sed
1469 3612 1506 3687 &
1530 3612 1666 3693 debitas
1691 3616 1813 3695 sceeri

568 3739 606 3794 ae
629 3715 696 3791 luit
720 3736 729 3789 :
755 3734 826 3789 una
850 3734 938 3790 cum
965 3708 1164 3791 Midianitis
1199 3704 1431 3791 israelitarum
1459 3711 1581 3813 gladio
1609 3716 1813 3794 trucidatus.

509 3825 836 3998 ufflffgissnffl
859 3907 954 3987 aliud
984 3905 1090 3995 esset,
1115 3906 1181 3986 nili
1205 3906 1283 3986 baec
1309 3929 1456 4027 morum
1481 3912 1717 4015 improbitas,
1742 3908 1809 4027 sus-
1823 3936 1914 4006 xm,
1933 3946 2000 4011 Nn.

471 4017 584 4100 ficere
602 4009 718 4117 pollet
734 4011 779 4089 ad
796 4007 1081 4095 ostendendum,
1108 4007 1223 4107 longo
1244 4030 1308 4085 eos
1328 4029 1348 4084 a
1371 4022 1516 4089 eentate
1546 4010 1730 4090 mtervallo
1751 4008 1807 4085 di·
1821 4030 1932 4115 autur
1944 4032 1997 4107 qut

472 4119 583 4205 stete,
609 4115 673 4215 qui
693 4110 913 4195 Bileamum,
938 4108 1046 4185 toties
1065 4108 1104 4183 in
1125 4108 1227 4184 sacris
1244 4107 1476 4198 damnatum,
1503 4110 1658 4190 eundem
1675 4110 1810 4190 faciunt
1825 4099 1984 4200 suem

475 4233 564 4295 eum
583 4211 725 4318 Erum,
749 4209 834 4314 Jobi
849 4210 992 4295 amico,
1018 4207 1092 4284 um
1120 4208 1181 4307 pie
1209 4202 1348 4323 semper
1381 4207 1625 4311 sapienterque
1649 4208 1696 4286 de
1722 4205 1808 4292 Deo
1823 4190 1987 4323 wem

474 4310 673 4394 differente
723 4308 862 4393 Sed&
894 4307 1006 4388 multa
1036 4319 1205 4408 praterea
1234 4306 1299 4385 alra
1328 4306 1438 4397 sunt,
1469 4333 1552 4485 qua
1582 4310 1742 4388 vanitatis
1764 4336 1809 4393 ac

473 4412 655 4496 mendacii
676 4410 905 4491 traditionem
921 4408 1018 4487 illam
1032 4418 1190 4509 arguant
1240 4403 1266 4486 l.
1286 4406 1445 4508 Nomina
1528 4407 1812 4515 sono&s1gni.

472 4514 646 4669 flatione
674 4506 896 4648 disertissima
927 4508 1016 4592 tunt
1067 4506 1312 4692 amvlaTbgilu
1343 4507 1474 4610 optimi
1509 4506 1642 4693 ominis
1676 4509 1812 4719 είέὲῃῗι
