4909 5425
754 459 813 535 De
846 455 1111 531 Durosiruonn
1150 452 1347 527 Niruiiiri
1387 463 1439 520 iii
1475 450 1729 527 Piornrriiii.
1882 475 1918 539 ςς

504 578 647 691 'dine
680 588 885 661 narrantes,
921 596 1041 673 neque
1077 572 1254 663 serentes,
1279 583 1321 649 ut
1352 573 1432 673 quis
1464 574 1596 651 morbo
1634 574 1915 676 quodammodo

504 726 528 793 ι
549 679 739 779 imputet,
767 673 868 776 quod
902 670 972 772 ipsi·
997 674 1144 772 Spiritui
1166 671 1295 750 Saudo
1317 673 1356 748 in
1379 670 1534 748 solidum
1565 670 1836 751 adscribendum
1863 674 1913 752 es

504 776 595 871 ,ise
631 788 805 884 pugnant.
868 773 963 868 Quae
1004 774 1271 871 imaginationis
1315 785 1421 872 atque
1465 775 1637 849 orationis
1687 773 1912 853 vehementia

504 870 850 1048 *spontedcelsah
877 874 941 949 ubi
975 874 1138 972 corporis
1171 869 1353 971 dispositio
1387 870 1431 946 ad
1465 871 1648 972 pristinam
1680 874 1911 973 tranquillita-

560 985 636 1051 tem
664 998 700 1049 re
728 977 762 1048 it.

504 1000 532 1173 Ξ
607 1070 730 1151 Xlll.
757 1070 847 1149 Non
883 1084 1005 1148 tamen
1035 1069 1112 1147 haec
1134 1070 1258 1146 omnia
1292 1067 1476 1160 efficiunt,
1502 1083 1543 1146 ut
1573 1082 1655 1146 atrae
1684 1073 1766 1149 bilis
1795 1074 2091 1169 abun-xlll.,Nin

504 1210 528 1277 ,¹
554 1170 679 1251 dantia
698 1194 767 1272 pro
791 1169 1020 1271 dispositione
1049 1167 1204 1269 quadani
1237 1168 1280 1244 ad
1303 1168 1530 1268 prophetiam
1553 1169 1718 1248 habenda
1736 1171 1802 1266 sit3
1828 1197 1906 1272 par·
1921 1168 2071 1262 timenut-

504 1304 522 1377 p
556 1275 625 1349 tim
648 1285 798 1372 propter
819 1270 958 1348 easdem
978 1270 1135 1345 rationes
1162 1290 1249 1368 quas
1272 1267 1388 1343 modo
1411 1268 1627 1365 protulimus
1653 1285 1778 1347 contra
1803 1283 1906 1348 natu.
1919 1265 2064 1385 snm?

504 1364 520 1477 ,ᾗ
546 1369 668 1449 talem
685 1372 839 1473 'ingenii
874 1373 947 1446 vim
976 1366 1177 1467 indolisque
1200 1366 1461 1540 praestantiam:
1491 1372 1621 1467 partim
1649 1393 1695 1444 ex
1724 1395 1769 1446 eo
1802 1374 1904 1471 quod
1919 1341 2061 1480 siffis?

504 1526 514 1577 ,
552 1471 702 1547 animus
725 1469 848 1553 laetus,
873 1468 1012 1554 hilaris,
1038 1467 1172 1551 alacer,
1227 1478 1286 1540 aut
1304 1480 1399 1542 certe
1421 1468 1541 1542 minus
1562 1470 1772 1568 recipiendo
1799 1468 2081 1556 infla-adprobe-

551 1570 625 1645 xui
646 1566 860 1668 prophetico
882 1566 1037 1643 idoneus
1060 1566 1118 1651 sit,
1147 1589 1255 1667 quain
1278 1564 1382 1641 tristis
1415 1565 1451 1640 ἃ
1480 1568 1635 1643 tetricus.
1688 1568 1803 1669 Super
1829 1563 1993 1647 ani-'³⁶²³‘
2004 1552 2049 1636 Ψ·

551 1689 665 1745 muni
686 1665 859 1741 moestum
874 1690 952 1742 non
970 1665 1119 1743 residere
1140 1693 1236 1747 nine
1252 1679 1314 1741 aut
1332 1664 1493 1765 spiritum
1523 1665 1800 1766 propheticum,
1827 1671 1907 1747 vul-

551 1778 682 1867 gatum
701 1765 750 1840 est
765 1763 1004 1842 Hebraeorum
1026 1766 1181 1842 axioma.
1234 1766 1340 1843 Certe
1360 1787 1438 1841 non
1462 1765 1510 1840 est
1532 1765 1805 1842 existimandum
1829 1768 1907 1846 Da-

551 1865 703 1957 videm,
732 1862 954 1951 Henianem‚
983 1864 1182 1964 Asaphum,
1209 1861 1345 1939 similes
1365 1888 1409 1940 ue
1432 1861 1578 1942 Musicae
1630 1863 1797 1951 resetioi,
1812 1867 1907 1944 odis-

546 1986 628 2065 que
645 1963 822 2049 celebres,
850 1965 1081 2054 atrabiliarios
1098 1975 1207 2064 atque
1231 1963 1353 2063 hypoc
1380 1962 1572 2039 ondriacos
1601 1887 1709 2040 sitisse.
1762 1965 1841 2042 Nec
1864 1965 1908 2059 si-

547 2086 603 2141 ne
617 2060 888 2147 caussavereor,
915 2062 1084 2139 homines
1108 2061 1297 2161 profanos,
1325 2084 1484 2162 quorum
1508 2063 1709 2138 uberrimus
1730 2062 1804 2139 hoc
1827 2088 1907 2143 aevo

552 2174 755 2262 proventui
784 2162 853 2247 est,
880 2160 1138 2262 hypothesibus
1165 2161 1371 2255 hujusmodi
1398 2184 1443 2237 eo
1471 2159 1639 2238 abusuros
1667 2157 1755 2247 else,
1781 2174 1821 2239 ut
1845 2163 1906 2241 ille

555 2282 638 2360 quae
667 2260 713 2336 de
734 2259 936 2362 prophetiis
958 2261 1128 2337 dicuntur
1141 2284 1152 2354 ;
1178 2260 1228 2334 nil
1253 2257 1316 2335 nisi
1342 2258 1687 2338 melancholicorum
1710 2262 1904 2339 hominum

556 2358 612 2435 im
658 2362 833 2437 inationes
852 2373 914 2436 aut
931 2360 1053 2437 deliria
1075 2356 1142 2436 esse
1169 2358 1443 2449 calumnientur.

655 2456 726 2537 lV.
755 2457 946 2555 lnjuriosus
970 2458 1038 2536 suis
1058 2457 1126 2534 illis
1143 2459 1476 2537 ratiocinationibus
1491 2459 1528 2534 in
1541 2462 1650 2554 Mosen
1673 2462 1779 2562 atque
1798 2466 1902 2537 Ellam
1917 2487 1997 2554 xlv.
2019 2489 2089 2552 N„

553 2555 690 2637 Petitus
713 2559 795 2635 est:
824 2558 861 2635 &
882 2561 996 2634 miror
1021 2556 1114 2634 Viro
1141 2557 1265 2635 Dodo
1288 2570 1362 2634 tam
1395 2558 1651 2659 improbabiles
1675 2573 1902 2662 argumenta·
1915 2572 2005 2649 liquet
2015 2568 2088 2660 Mq·

546 2658 673 2735 'tiones
700 2652 879 2742 excidisse.
928 2656 1064 2735 ldeone
1087 2655 1317 2734 atrabiharius
1344 2669 1450 2759 atque
1476 2656 1698 2755 deditque&
1723 2660 1790 2738 suit
1815 2644 1963 2744 llio-sin
1977 2644 2089 2740 Μ·

552 2756 626 2845 ses,
655 2755 965 2935 quoddetbronis
987 2755 1167 2835 socerisui
1191 2780 1279 2833 oves
1302 2758 1338 2831 in
1362 2759 1497 2857 campis
1520 2760 1574 2834 vir
1597 2771 1715 2836 tantus
1738 2730 2037 2884 paverittssss'ffifim

549 2859 612 2936 -An
638 2860 708 2934 vita
727 2880 773 2957 pa
803 2859 907 2934 oritia
936 2880 1014 2933 non
1040 2854 1105 2933 nisi
1133 2856 1483 2933 melancholicorum
1507 2858 1586 2940 est?
1626 2859 1682 2935 An
1705 2882 1793 2935 oves
1819 2860 1904 2935 alibi

555 2978 667 3057 quam
692 2960 730 3033 in
757 2958 896 3057 campis
917 2956 1133 3058 pascuntur?
1159 2958 1215 3035 An
1241 2954 1383 3041 Moses,
1410 2956 1490 3030 vitae
1525 2955 1646 3031 aulicae
1679 2959 1724 3034 ab
1755 2960 1904 3033 ineunte

551 3067 656 3132 aerate
680 3051 854 3146 assuetus,
878 3054 1072 3158 spontanea
1094 3057 1204 3131 animi
1225 3054 1461 3132 inclinatione
1481 3054 1701 3153 pastoritiam
1725 3057 1904 3155 praetulit?

548 3153 689 3235 Nonne
708 3176 755 3230 ex
778 3154 939 3256 AEgypto
958 3155 1099 3256 sugere,
1127 3154 1164 3230 δι
1177 3154 1284 3229 latere
1307 3151 1469 3239 coadus,
1495 3152 1540 3230 ad
1562 3153 1812 3235 declinandam
1828 3157 1902 3237 Re.

549 3256 607 3354 gis
631 3257 746 3341 iram,
774 3255 869 3356 apud
888 3253 1105 3357 Jethronem
1128 3252 1313 3329 consedit?
1338 3251 1411 3330 Ubi
1438 3276 1553 3354 quum
1572 3264 1797 3341 moraretur,
1823 3279 1902 3334 non

549 3374 601 3428 ex
621 3365 704 3430 atrae
725 3353 807 3430 bilis
827 3352 1068 3439 abundantia,
1094 3350 1153 3428 sed
1176 3353 1357 3446 majorum
1381 3376 1508 3443 more,
1534 3352 1579 3429 ad
1601 3352 1792 3453 pascendas
1812 3379 1901 3434 oves

549 3449 589 3528 se
612 3451 789 3540 contulit,
816 3476 887 3554 qua
908 3454 980 3529 vita
1002 3452 1064 3528 vix
1083 3451 1152 3529 ulla
1175 3463 1251 3528 tran
1280 3452 1399 3529 uillior
1418 3452 1476 3528 est.
1527 3451 1721 3537 Praeterea,
1748 3477 1794 3531 an
1818 3456 1904 3557 quia

543 3572 644 3628 com
693 3565 787 3628 rrum
813 3550 862 3629 est
878 3552 1167 3629 melancholicos
1189 3476 1362 3651 quosdam
1382 3554 1618 3649 spumidum
1637 3549 1758 3640 suisse,
1794 3555 1904 3632 idcir·

549 3672 603 3728 co
656 3654 814 3727 ermonis
852 3650 995 3728 tarditas
1032 3650 1283 3728 melancholiae
1323 3651 1498 3728 idoneum
1539 3666 1792 3751 argumentum
1825 3654 1903 3730 ests

541 3748 733 3850 -Nunquid
759 3749 889 3826 eodem
911 3751 1022 3837 vitio,
1050 3773 1095 3827 ex
1122 3752 1294 3853 propiore
1323 3748 1462 3836 caussa,
1487 3753 1514 3827 ii
1537 3775 1685 3853 quoque
1709 3753 1902 3839 laborant,

546 3849 748 3951 inquibus
775 3861 837 3924 aut
860 3847 1020 3949 sanguis,
1047 3867 1107 3927 aut
1139 3852 1266 3952 pituita
1301 3850 1606 3951 praedominatur?
1633 3850 1756 3945 Quam
1783 3850 1903 3927 absur-

540 3947 641 4025 dum
668 3947 826 4049 denique
851 3947 920 4035 est,
947 3974 994 4027 ne
1016 3949 1207 4052 profanum
1227 3973 1327 4027 nunc
1348 3951 1489 4037 dicam,
1516 3974 1557 4027 ea
1577 3973 1657 4050 qua
1681 3949 1727 4024 de
1747 3953 1902 4026 miracu.

548 4046 631 4124 loso
650 4047 883 4147 quadraginta
906 4049 1046 4127 dierum
1069 4052 1208 4148 jejunio
1231 4049 1325 4125 sacra
1350 4051 1653 4135 nitriensium,
1678 4047 1723 4123 ad
1748 4050 1813 4123 atri
1833 4048 1901 4125 hu·

549 4148 664 4222 moris
689 4150 945 4247 proprietatem
977 4149 1330 4252 quomodocumque
1354 4151 1513 4227 referre?
1539 4150 1627 4228 Non
1651 4146 1718 4222 suit
1766 4144 1900 4225 rosceto
1987 4184 1991 4198 ·

549 4241 709 4330 necesse,
737 4260 778 4322 ut
802 4250 865 4348 qui
894 4247 1029 4327 Divina
1067 4254 1197 4325 virtute
1229 4265 1328 4326 extra
1367 4269 1499 4327 naturae
1536 4248 1704 4325 ordinem
1736 4171 1903 4323 sistenta

534 4342 677 4430 batur,
703 4346 736 4420 ei
768 4346 813 4422 ad
832 4360 907 4427 tam
930 4349 1034 4452 longi
1055 4352 1181 4451 jejunii
1211 4352 1421 4452 patientiam
1455 4352 1654 4429 humorum
1685 4345 1901 4425 naturalium

547 4443 700 4546 qualitas
726 4444 941 4552 subveniret

1675 4533 1771 4637 XV.
1798 4542 1897 4645 Ejus-
