4909 5425
801 492 855 571 De
871 494 1109 578 Coarmurr.
1124 497 1312 577 Pnorrrrr.
1330 522 1423 579 rosr
1440 498 1620 582 llrosrot.
1809 527 1883 604 317

560 682 572 709 -,
661 625 870 703 XXXVIII.
895 628 1022 725 Neque
1033 648 1149 700 tamen
1165 625 1296 700 idcirco
1306 655 1427 729 negare
1442 633 1568 718 velim,
1588 630 1780 729 frequenter
1793 642 1882 711 acci-

545 720 664 815 dere,
685 747 725 801 ut
733 728 892 803 homines
899 730 965 828 pii,
985 726 1327 827 &singularitatione
1344 731 1478 801 Divino
1492 732 1601 804 cultui
1620 731 1759 819 devoti,
1776 756 1878 833 atque

547 822 599 913 ιδ
615 828 823 927 propiorem
839 830 1092 925 arffloremque
1113 828 1266 901 numinis
1293 831 1482 903 amicitiam
1504 830 1656 919 admiffi,
1679 831 1721 904 ab
1744 834 1819 931 ipso
1837 834 1878 906 de

547 924 813 1017 tebussuturis,
830 927 1216 1003 &arcanisedoceantur
1231 957 1241 1010 ς
1259 930 1622 1029 quarumcognitioad
1631 933 1878 1006 excitationem

548 1026 694 1125 pietatis
706 1080 718 1115 ,
732 1027 1063 1103 adconsolationem
1076 1028 1208 1114 animi,
1231 1027 1272 1099 ad
1287 1030 1613 1102 corroborationem
1629 1029 1737 1103 infide
1747 1059 1785 1104 ac
1796 1033 1850 1131 spe
1864 1083 1876 1120 ,

549 1128 1023 1227 &exercitiumprudentiffi
1040 1153 1206 1227 perquam
1225 1130 1315 1200 utilis
1325 1129 1378 1200 est.
1432 1131 1533 1202 Plena
1554 1157 1678 1203 eurum
1700 1134 1878 1229 exemplo-

547 1228 763 1301 tumomnis
772 1228 842 1303 aevi
854 1226 1054 1301 lrilloriaest.
1105 1224 1369 1300 Necrationem
1382 1228 1488 1301 ullam
1509 1229 1632 1316 video,
1650 1257 1711 1303 cur
1726 1233 1877 1303 homini-

548 1322 623 1401 bus
637 1326 783 1445 probis,
805 1328 890 1427 piis,
903 1326 1041 1425 fideque
1060 1323 1282 1426 dignilsrmis,
1302 1328 1379 1400 talia
1394 1328 1603 1427 quandoque
1621 1329 1661 1401 de
1677 1330 1727 1417 se,
1754 1332 1794 1403 ad
1812 1332 1877 1404 Dei

547 1426 973 1529 glorram,narrautibus,
989 1445 1132 1527 negetur
1143 1422 1237 1497 fides.
1291 1428 1352 1500 Uti
1364 1453 1427 1499 nec
1436 1450 1561 1501 temere
1570 1431 1779 1529 recipienda,
1798 1458 1876 1527 quae

544 1546 755 1615 narrantur,
770 1530 901 1601 omnia.
953 1528 1040 1601 Fieri
1051 1527 1147 1597 enim
1163 1523 1390 1599 inhistalibus
1403 1526 1497 1601 lacile
1509 1530 1638 1627 potest,
1660 1532 1761 1603 utvel
1773 1534 1878 1629 phan-
1950 1568 1956 1579 ·

493 1680 516 1697 ..
544 1625 982 1701 tasmatibusludificentur
991 1626 1173 1711 homiues,
1188 1628 1244 1697 vel
1254 1652 1296 1697 ex
1307 1626 1436 1698 cerebri
1445 1624 1625 1701 affedione
1638 1634 1668 1702 dr
1684 1632 1877 1702 humorum

543 1724 637 1801 crasi
652 1727 732 1799 miri
741 1722 882 1801 affedlus
890 1723 1173 1826 proficiscantur,
1188 1727 1245 1797 vel
1256 1724 1402 1823 denique
1419 1725 1496 1800 fieta
1511 1728 1728 1801 venditentur
1755 1756 1819 1828 pro
1833 1728 1877 1803 sa-

545 1832 625 1901 etis.
677 1828 720 1901 In
729 1850 837 1925 quem
849 1852 892 1899 ex
905 1826 995 1899 hisce
1007 1823 1148 1899 censum
1164 1822 1349 1899 referendae
1368 1824 1433 1899 fint
1448 1853 1588 1923 nuperae
1612 1831 1875 1903 narratiunculae

542 1926 592 1999 de
606 1952 735 2007 rums
748 1950 950 2005 eremus
960 1924 1132 2003 Gnmcrs
1141 1978 1152 2010 ‚
1176 1945 1346 2023 nonputo
1362 1924 1452 1998 nesas
1462 1926 1523 1998 else
1535 1926 1699 2000 dubitare.
1753 1931 1785 2001 Si
1796 1956 1874 2026 quae

540 2046 669 2103 tamen
680 2027 909 2099 revelationes
918 2024 1090 2123 aliquibus
1108 2022 1312 2124 obtingant,
1328 2052 1378 2099 eae
1387 2030 1495 2126 magis
1514 2028 1554 2098 ad
1570 2029 1738 2124 privatam
1750 2055 1874 2099 eorum

541 2126 841 2201 informationem
860 2123 1014 2211 faciunt,
1036 2148 1143 2220 quam
1165 2142 1205 2196 ut
1232 2125 1323 2211 aliis,
1348 2126 1477 2198 nedum
1506 2125 1665 2200 Ecclefiae
1677 2179 1688 2215 ,
1707 2154 1772 2224 pro
1793 2126 1875 2200 fidei

541 2228 774 2303 aclionumve
797 2224 1005 2299 normaliut.
1053 2220 1120 2320 Ipsr
1136 2220 1268 2295 sortasse
1290 2250 1331 2294 ex
1345 2225 1476 2296 interna
1488 2228 1543 2297 illa
1566 2229 1663 2312 luce,
1683 2254 1749 2323 qua
1765 2229 1875 2300 collu.

542 2326 879 2425 stranturaSpiritu,
902 2320 1101 2424 dignoscere
1142 2320 1275 2409 olsunt,
1294 2324 1474 2397 Divinitas
1483 2327 1557 2399 haec
1570 2324 1630 2398 srbi
1646 2328 1845 2426 contingere
1861 2356 1871 2410 3

545 2448 583 2501 at
597 2424 823 2499 destituuntur
830 2423 1043 2527 argumentis
1057 2349 1183 2520 quibus
1200 2447 1276 2494 eam
1291 2425 1545 2499 revelationum
1562 2425 1626 2500 fibi
1637 2423 1801 2500 sedarum
1811 2429 1875 2500 Di-

544 2525 733 2603 viritatem
744 2525 895 2598 aliorum
909 2523 1130 2599 conscientiae
1148 2523 1309 2621 probent.

645 2625 821 2701 XXXIX.
848 2626 961 2722 Atque
977 2626 1052 2697 haec
1062 2621 1205 2722 quidem
1218 2650 1303 2715 nos,
1319 2650 1383 2724 pro
1400 2626 1503 2699 oraria
1517 2623 1623 2701 nobis
1634 2622 1808 2718 concessa,
1830 2626 1863 2699 de
1887 2648 2016 2712 χχχιχ

540 2723 1235 2828 gmviffimahacmateriadisputavimus.
1288 2726 1329 2800 In
1344 2729 1403 2822 qui
1432 2754 1470 2797 us
1479 2748 1616 2801 tantum
1641 2727 1730 2801 abell
1751 2732 1866 2802 utalii:
1888 2731 2037 2811 Epilogus.

539 2823 799 2912 mesatisseciffe
817 2823 969 2924 sperem,
986 2844 1082 2897 utne
1100 2825 1186 2896 mihi
1201 2825 1344 2922 quidem
1361 2824 1575 2898 satisfecerim
1588 2826 1664 2923 ipfi,
1717 2829 1871 2900 Plurima

538 2927 601 3004 ltlc
609 2947 822 3016 occurrunt,
848 2943 1150 3022 quaeaccuratam,
1167 2925 1386 3012 diuturnam,
1404 2923 1751 2998 &fixamadmodum
1763 2927 1872 2999 medi-

539 3027 740 3114 rationem,
761 3051 801 3100 ac
816 3024 1000 3099 sollicitam
1015 3050 1130 3096 rerum
1148 3027 1396 3111 collationem,
1414 3027 1466 3096 exi
1494 3044 1567 3097 unt.
1594 3025 1646 3099 ad
1673 3052 1781 3123 quam
1796 3053 1873 3099 rem

539 3151 620 3206 non
631 3123 695 3200 else
703 3127 790 3198 mihi
798 3123 1032 3226 satisingeuii,
1047 3150 1159 3220 neque
1171 3124 1265 3200 fuisse
1275 3127 1311 3196 in
1325 3053 1669 3199 laboriodlsrmohoc
1682 3127 1765 3200 vitae
1774 3154 1875 3226 gene-

539 3253 577 3310 re
591 3225 673 3302 sutis
696 3227 782 3314 otii,
797 3227 946 3326 ingenue
971 3221 1155 3298 confiteor.
1206 3225 1391 3297 Nonnulla
1406 3226 1511 3297 etiam
1531 3223 1626 3312 sunt,
1642 3251 1797 3323 quorum
1817 3229 1872 3319 ju.

537 3327 628 3402 stam
642 3326 759 3400 ideam
769 3325 831 3400 vix
847 3345 964 3398 mente
980 3323 1130 3409 formes,
1146 3320 1206 3394 nili
1222 3323 1436 3421 experiundo
1453 3323 1618 3398 didiceris.
1671 3327 1759 3399 Non
1779 3327 1869 3400 dilst-

538 3427 648 3502 mulo
664 3446 800 3513 autem,
815 3426 997 3498 nihilmihi
1018 3447 1174 3518 unquam
1193 3425 1387 3522 prophetici
1405 3423 1593 3525 contigisse.
1644 3428 1771 3500 Praeter
1793 3429 1867 3500 dili·
1885 3416 2018 3487 Addfffl

537 3553 625 3630 gens
645 3525 1005 3600 sacrarumliterarum
1020 3520 1246 3610 scrutinium,
1268 3527 1434 3620 quonihil
1455 3525 1590 3599 suavius
1612 3526 1864 3626 jucundiusque
1882 3505 1969 3646 Ἠ·
1991 3505 2047 3645 {a

537 3627 607 3716 est,
630 3623 759 3702 sufficit
780 3626 869 3698 mihi
879 3626 999 3700 undio
1012 3649 1030 3695 a
1044 3623 1171 3697 Saudo
1184 3625 1245 3695 illo
1269 3623 1441 3722 prolecta,
1456 3651 1537 3724 quae
1553 3625 1655 3701 docet
1671 3630 1812 3717 omnia,
1833 3633 1863 3702 ἃ
1881 3627 1965 3736 xju‘
2048 3623 2059 3651 ⁰

537 3725 642 3822 cnjus
680 3726 1016 3823 ortionemaliquam
1027 3719 1167 3823 lingulis
1180 3723 1229 3796 sui
1247 3723 1479 3798 reverentibus
1493 3727 1647 3824 impertit
1662 3729 1784 3802 Divini
1800 3757 1865 3801 nu.
1955 3714 1962 3734 ’

535 3827 647 3904 minis
708 3827 865 3928 uiguitas.
918 3826 996 3902 Siin
1016 3822 1169 3897 aliorum
1185 3826 1388 3898 Dotiorum
1404 3825 1564 3900 virorum
1585 3826 1787 3900 sententiam
1809 3829 1867 3902 ali-

536 3923 1076 4030 quandoliberiusinquiliverim
1085 3975 1097 4010 ,
1118 3925 1260 4021 &quod
1274 3927 1385 3998 verius
1396 3925 1544 3999 arbitror
1562 3923 1694 3999 sortiter
1706 3927 1865 4016 dixerim,

536 4027 659 4114 idnon
667 4025 899 4102 contendendi
912 4019 1162 4100 studiofattum
1174 4023 1219 4096 est
1230 4076 1242 4111 ,
1266 4024 1395 4097 nedum
1416 4027 1524 4098 animi
1541 4027 1769 4125 impotentia,
1788 4055 1867 4100 om-

535 4131 642 4218 nium
652 4127 801 4200 minime
812 4153 856 4202 ex
869 4127 1022 4226 aerugine
1035 4144 1095 4195 aut
1108 4143 1269 4204 rancore3
1288 4124 1342 4197 sed
1355 4125 1431 4197 solo
1446 4153 1566 4200 amore
1583 4128 1753 4214 veritatis,
1777 4128 1866 4202 &ad

535 4225 932 4304 tuendamDivinotum
944 4223 1168 4300 oraculorum
1178 4227 1431 4300 austeritatem.
1489 4227 1616 4300 Praeter
1633 4227 1867 4302 intentionem

534 4325 666 4420 accidit
678 4377 695 4418 ,
712 4349 752 4404 ut
775 4327 812 4402 in
844 4345 977 4400 tantam
1000 4324 1136 4400 molem
1157 4327 1431 4400 commentarius
1453 4327 1510 4398 hic
1531 4327 1644 4401 noster
1666 4331 1863 4404 excreverit.

535 4431 663 4526 Quam
674 4423 833 4508 Eretum
848 4423 987 4504 ubertas
1001 4429 1035 4504 de
1054 4424 1206 4606 varietalq
1215 4425 1353 4504 lectori
1374 4451 1450 4502 nou
1473 4430 1602 4528 probet
1626 4446 1685 4503 aut
1699 4429 1837 4504 excuset
1853 4482 1866 4519 ,

1220 4550 1238 4602 r
1264 4549 1284 4625 3
1787 4557 1872 4631 pro·
