4909 5425
811 510 1318 624 PnAErATlor

399 664 475 750 det
513 680 658 749 autern
696 659 873 747 Hazaeli
910 661 1077 746 Elisaeus
1115 662 1161 754 in
1208 666 1301 750 haec
1336 663 1494 760 verbat
1550 652 1727 764 &abab

401 788 475 866 ”³03
500 783 562 843 ΝΒ
579 788 607 862 '.³
624 778 693 870 fill}
709 785 817 872 '’dlll,
833 785 919 871 ”llll
941 776 1007 862 llll
1051 777 1160 886 Qrae
1178 781 1309 863 verba
1327 778 1417 865 aliis
1434 778 1587 890 linguis
1606 781 1724 865 varie

397 889 654 989 redduntur,
683 889 743 968 ob
759 884 1082 994 ambiguitatem
1117 891 1333 1002 particulae
1351 879 1418 975 alt
1437 916 1532 1001 quae
1554 892 1723 979 ordina·
1767 920 1770 926 ·

399 1002 463 1085 rie
494 999 667 1112 quidem
686 1000 741 1083 lic
757 996 908 1108 scripta
931 1003 1044 1083 vaiet
1060 1028 1161 1081 non.-
1190 1020 1233 1088 at
1248 1006 1526 1090 observarunt
1539 1006 1720 1090 Masore.

402 1117 512 1216 thre,
541 1109 786 1224 quindecim
805 1104 883 1194 else
920 1114 1015 1196 loca
1033 1113 1106 1196 ubi
1133 1115 1325 1218 scribitur
1349 1115 1524 1226 quidem
1544 1102 1612 1207 ab,
1654 1118 1723 1202 sed

398 1226 520 1337 legi,
549 1229 618 1310 vel
643 1227 786 1309 saltem
805 1222 983 1335 intelligi
1016 1227 1141 1311 debet
1168 1231 1287 1340 quali
1318 1227 1521 1340 scriptum
1542 1222 1641 1312 ellet
1666 1215 1721 1320 b,

400 1342 520 1450 quod
546 1343 744 1422 notarri.
817 1334 906 1421 Istis
924 1363 1031 1421 vero
1061 1338 1166 1424 locis
1193 1342 1505 1452 huncquoque
1523 1363 1727 1426 annume-

399 1471 510 1538 rant.
566 1452 666 1533 Eam
698 1447 1043 1534 observationem
1069 1452 1097 1533 li
1131 1454 1382 1544 Masorethis
1413 1453 1727 1564 relinquamus,
1886 1518 1888 1525 .
1934 1442 1961 1513 ’ἶ-

399 1562 682 1675 exponendus
701 1559 761 1646 est
782 1560 912 1647 Elisai
931 1562 1068 1646 sernio
1086 1561 1128 1647 in
1145 1568 1257 1650 hanc
1273 1584 1482 1652 mentem:
1511 1563 1609 1667 Abi,
1642 1563 1726 1660 dic,
1825 1646 1827 1651 ,
1858 1564 1907 1665 ,ιῇ

400 1702 473 1760 non
495 1682 637 1756 omnino
659 1678 879 1778 rcvaetesces:
906 1699 993 1755 nam
1025 1675 1172 1782 ostendit
1189 1677 1281 1760 nabi
1315 1675 1462 1784 jehova
1480 1705 1564 1759 eum
1584 1683 1727 1757 omnino

401 1797 631 1872 munerum.
688 1785 755 1872 Sic
781 1788 909 1871 habet
930 1787 1052 1911 Junii
1079 1791 1247 1894 versio,
1277 1817 1411 1903 quam
1435 1788 1474 1875 dr
1494 1791 1625 1901 Belge
1646 1813 1726 1873 nu·

399 1902 473 1990 stri
491 1904 732 2012 sequuntur.
789 1898 935 1986 Priscis
954 1915 1096 1986 tamen
1118 1901 1450 2016 interpretibus,
1470 1902 1733 1988 &Hebraeo-

400 2043 497 2102 rum
520 2012 818 2124 Magistrorum
843 2011 1014 2104 multis,
1044 2013 1298 2102 Christianis
1324 2039 1502 2128 quoque
1520 2012 1727 2125 pluribus,

401 2155 474 2215 rna
504 2126 538 2210 is
552 2128 728 2210 allubuit
747 2140 852 2208 nota
871 2126 1162 2212 Masorethica.
1220 2132 1407 2239 Vulgata
1424 2127 1562 2212 versio
1572 2124 1726 2212 habeta

406 2241 453 2322 V
491 2266 530 2343 e,
543 2237 601 2317 dic
613 2233 857 2344 eistnabera.
872 2256 959 2318 axx.
972 2229 1096 2341 dripo,
1118 2233 1242 2334 ἒιπον,
1263 2236 1336 2352 ζωῇ
1356 2234 1451 2351 <alra
1490 2241 1727 2330 Chaldaeus.

402 2356 552 2465 syrus,
583 2351 738 2450 Arabs,
767 2348 920 2432 eodem
943 2344 1072 2432 sens.
1129 2349 1338 2460 Quem&
1365 2351 1531 2436 secutus
1553 2350 1611 2438 est
1671 2379 1722 2437 o·

401 2466 557 2577 sephus
576 2461 704 2573 Antip.
720 2457 784 2544 ul.
806 2488 870 2552 rx,
889 2485 961 2572 cap.
985 2488 1047 2545 11.
1117 2465 1157 2544 ‘o
1179 2452 1227 2536 dl
1247 2463 1431 2573 προφήτης
1450 2453 1504 2542 riv
1520 2462 1587 2562 μὶν
1606 2351 1687 2575 ’ai'

400 2591 462 2655 λον
483 2574 641 2654 lusam
657 2564 769 2673 perdia
789 2571 1051 2669 ἀπαγγέλλειν
1083 2571 1132 2681 τῷ
1150 2567 1304 2657 βασιλεῖ
1315 2574 1437 2654 κακὸν.
1466 2570 1727 2661 Clariffimus

402 2684 483 2773 Vir
503 2681 712 2797 Campegiur
729 2681 905 2792 Wtrr'ngae
916 2738 926 2774 ,
928 2682 1121 2789 sacrarum
1138 2679 1423 2786 obstructurum
1440 2681 1526 2770 Lib.
1542 2715 1557 2774 1
1572 2682 1726 2801 rucap,

400 2825 502 2887 xvi.
573 2795 901 2881 Masorethicam
937 2793 1266 2906 explicationem
1303 2797 1601 2903 preferendam
1629 2827 1728 2885 cen·
1770 2799 1773 2810 '

402 2914 490 3017 set,
516 2908 584 2995 hia
601 2908 872 3020 argumentis.
943 2934 979 2993 1.
1009 2907 1124 3020 Quia
1161 2905 1321 2991 Ha'zael
1343 2911 1473 2995 verba
1499 2914 1727 3024 Prophetae

405 3025 458 3111 ad
489 3022 789 3116 Benhadadum
818 3023 968 3104 herum
1010 3022 1128 3105 suum
1148 3021 1363 3109 referens,
1408 3047 1457 3107 ea
1485 3020 1573 3134 ipsa
1602 3026 1727 3111 verba

403 3156 512 3223 tamn
531 3153 605 3222 nm
622 3132 814 3248 repetit,
856 3128 1003 3217 omissa
1036 3133 1243 3243 particula
1280 3132 1479 3243 negativa
1510 3122 1567 3224 sti·
1620 3138 1726 3246 Non

403 3246 571 3334 constat
592 3276 698 3335 vero
712 3248 940 3334 Hazaelem
963 3249 1092 3331 verba
1117 3247 1341 3361 prophete
1371 3244 1489 3333 aliter
1524 3244 1727 3346 retulisses

403 3388 454 3449 ac
480 3364 697 3475 propheta
720 3385 771 3445 ea
795 3359 1111 3451 enunciaverat.
1197 3386 1260 3450 11.
1288 3359 1480 3445 Verbum
1507 3355 1726 3473 imperati.

405 3499 509 3558 vum
532 3494 611 3556 aaa
637 3474 697 3553 dic
721 3468 1067 3559 commodissime
1108 3470 1370 3557 construitur
1395 3498 1494 3558 cum
1524 3473 1725 3586 sequente

406 3588 565 3681 vocula
585 3585 761 3671 relativa
776 3572 821 3670 b.
872 3583 1070 3670 Omnino
1106 3584 1219 3668 enirn
1249 3581 1473 3670 verisimile
1501 3584 1598 3680 est,
1646 3590 1726 3688 llll·

406 3700 535 3785 saeum
553 3702 767 3808 personae,
795 3696 850 3781 de
874 3723 960 3809 qua
981 3700 1273 3809 loquebatur,
1302 3697 1428 3783 &cui
1445 3698 1726 3809 ejusnonrine

406 3810 540 3899 verba
560 3813 755 3919 quaedam
783 3810 995 3895 reddenda
1018 3828 1161 3913 erant,
1191 3808 1377 3921 aliquam
1396 3812 1540 3897 saltem
1565 3813 1727 3898 voluis-

406 3929 449 4010 se
479 3924 615 4009 facere
640 3919 914 4007 mentionem.
976 3926 1120 4010 Decus
1146 3920 1294 4032 itaque
1320 3922 1532 4022 orationis
1561 3924 1727 4013 &con-

403 4036 649 4124 struetionis
680 4032 843 4146 exigit,
872 4052 922 4120 ut
942 4036 1161 4121 credamus
1176 4037 1365 4123 Elisaeum
1385 4035 1551 4143 dixisse,
1565 4023 1598 4119 b
1620 4057 1724 4130 nou,

409 4152 516 4237 refer
532 4149 757 4262 adipsum,
788 4146 1214 4262 &nonlimpliciter,
1241 4170 1322 4232 ans
1337 4149 1507 4239 diurrr.
1534 4145 1724 4238 Accedit,

411 4262 532 4374 quod
552 4265 744 4347 austures
767 4262 889 4347 sacro
910 4260 1199 4374 pundationis
1216 4264 1420 4348 voculam
1448 4251 1492 4347 si
1514 4285 1590 4371 per
1606 4253 1726 4354 Mak-

408 4370 503 4488 raph
531 4372 831 4488 conjunxerint
857 4374 1127 4575 antecedantbi
1169 4377 1386 4466 vocabulo
1415 4393 1523 4457 ans:
1548 4398 1603 4458 eo
1631 4372 1727 4460 satis

483 4563 487 4570 .
1040 4584 1067 4603 .
1154 4518 1181 4583 2
1583 4501 1734 4601 aperte
