4909 5425
855 454 922 533 Dr
954 454 1116 533 Noars
1153 467 1281 527 vans
1318 455 1619 529 Pnornrrrrc.
1859 480 1918 551 rap

561 576 817 679 oeptubtva.
840 576 1153 681 Jetxxxvum.
1206 578 1315 656 Secus
1350 588 1470 655 tamen
1498 580 1665 666 accidit}
1704 603 1789 662 nam
1823 583 2062 667 Himem

557 680 643 761 kias
678 704 700 757 a
736 679 868 758 morbo
892 689 1068 755 recreatus
1095 676 1140 755 ad
1175 675 1385 778 quindecim
1408 699 1522 752 annos
1554 677 1755 778 supervixit
1808 685 1912 782 Quid
1925 684 2045 748 fluite.

557 778 627 859 hic
653 777 889 856 dicendum?
918 778 1080 851 Molinaur
1099 785 1134 852 ia
1160 785 1239 853 Vara
1265 776 1332 849 iii.
1354 799 1383 851 1.
1405 786 1478 870 Cap.
1495 797 1551 853 vr.
1602 776 1751 878 Jesaiam
1779 782 1828 862 fic
1852 812 1911 866 re.

520 886 528 956 .“
556 874 741 981 spondill'e
762 876 958 961 existimat,
985 885 1067 951 ante
1086 872 1276 954 confilium
1296 870 1369 951 Dei
1392 876 1506 974 probe
1529 889 1751 977 perceptum.
1804 883 1912 964 ldeo.

556 1001 636 1080 que
668 996 761 1053 mox
792 970 924 1072 Julsum
955 970 1022 1049 else
1052 974 1267 1059 emendare,
1294 973 1394 1071 quod
1418 996 1484 1072 per
1509 995 1669 1051 errorem
1693 987 1914 1076 pronuncia.
2060 989 2062 996 '

520 1134 523 1167 ,
551 1088 667 1153 verat.
719 1076 769 1153 At
794 1095 872 1149 non
900 1071 1042 1149 videtur
1063 1068 1245 1147 attendisse
1262 1070 1327 1147 Vir
1342 1069 1523 1169 Magnus,
1549 1096 1624 1175 quo
1647 1074 1764 1153 modo
1784 1076 1911 1179 Jesaias

520 1174 522 1189 '
552 1174 764 1253 sermomm
783 1172 888 1248 suum
912 1169 1090 1262 inchoet3
1115 1172 1178 1270 qui
1197 1170 1343 1245 veniens
1366 1168 1410 1244 ad
1435 1193 1473 1245 re
1500 1193 1559 1248 ern
1583 1172 1697 1262 dixit,
1713 1175 1761 1269 fic
1781 1188 1829 1252 ait
1851 1183 1921 1277 Ja-

554 1276 649 1353 ΕΜ
702 1272 811 1351 Certe
833 1292 904 1370 qua
930 1280 1004 1345 erat
1028 1268 1157 1343 virmte
1188 1269 1225 1343 δι
1254 1267 1347 1353 lide,
1373 1291 1450 1345 non
1473 1194 1589 1349 initiet
1613 1269 1711 1349 ausus
1739 1274 1826 1354 Deo
1854 1282 1910 1358 in.

553 1369 725 1453 consulto
744 1367 818 1450 Dei
840 1390 977 1445 nomen
1001 1368 1037 1441 &
1064 1365 1310 1443 autioritatem
1340 1364 1436 1442 dicio
1462 1367 1526 1444 luo
1550 1371 1758 1451 obtendere.
1811 1377 1907 1461 Mihi

553 1492 608 1551 ne
632 1468 871 1547 dubitandum
925 1465 1047 1543 uidem
1074 1459 1141 1541 esse
1164 1464 1325 1548 videtur,
1352 1467 1440 1565 quin
1463 1464 1538 1544 Dei
1559 1466 1674 1564 jussu,
1701 1473 1738 1549 &
1760 1496 1808 1551 ex
1830 1475 1907 1555 Dei

555 1580 706 1655 mente,
729 1567 875 1645 dixeno
892 1492 1041 1669 faldas,
1068 1563 1247 1664 quidquid
1279 1562 1383 1641 dixit.
1433 1565 1536 1659 Quid
1561 1590 1599 1643 er
1624 1570 1684 1645 o?
1710 1570 1904 1667 lndicavit,

557 1662 732 1747 morbum
775 1688 826 1743 uo
847 1663 1032 1741 laborabat
1053 1684 1118 1737 rex
1140 1677 1265 1738 natura
1283 1660 1341 1738 sua
1369 1661 1536 1739 lethalem
1566 1687 1586 1740 e
1615 1691 1652 1753 e,
1678 1671 1714 1746 δι
1740 1666 1901 1754 futurum

557 1780 604 1845 ut
624 1788 671 1843 ex
692 1690 861 1841 coinon
883 1773 1093 1839 moreretur.
1145 1762 1194 1839 At
1213 1758 1816 1862 submtelligebaturconditio,aiii
1841 1776 1898 1849 in.

550 1862 646 2043 ¹flJgni
669 1860 922 1963 resipiscentia,
948 1859 986 1935 &
1011 1858 1135 1935 validis
1158 1861 1346 1959 precibus,
1369 1861 1612 1961 prodigiosam
1633 1870 1899 1950 curationem&

595 1985 644 2041 eo
666 1967 881 2063 impetraret
931 1959 981 2037 lta
1005 1957 1082 2035 sane
1105 1980 1182 2035 rem
1202 1962 1365 2059 percepit
1383 1959 1557 2055 Hizlrias3
1585 1985 1702 2064 neque
1722 1969 1899 2046 existima·

548 2064 609 2141 sit
634 2058 907 2139 irrevocabilem
929 2056 962 2135 se
986 2055 1109 2134 audire
1135 2058 1261 2133 vicinae
1287 2060 1413 2134 mortis
1443 2058 1662 2139 sententiam.
1714 2065 1784 2144 Sed
1807 2066 1901 2145 sacie

548 2160 600 2243 ad
624 2161 802 2261 parietem
830 2156 1022 2240 conversa,
1047 2153 1214 2255 plurimis
1235 2178 1279 2231 ue
1306 2155 1495 2243 lacrumis,
1516 2160 1795 2240 misericordiam
1823 2164 1900 2244 Dei

547 2258 642 2341 lraut
665 2256 787 2336 irulha
812 2256 1028 2357 imploravit
1080 2256 1200 2354 Atque
1248 2257 1308 2330 inc
1329 2256 1460 2331 iteratis
1487 2256 1531 2333 ad
1554 2282 1638 2335 eum
1657 2259 1752 2356 juffis
1777 2261 1899 2341 missus

526 2356 682 2465 Jesaias
704 2358 777 2442 cst,
802 2378 880 2433 non
903 2351 1157 2434 emendaturus
1213 2351 1311 2438 uod,
1338 2351 1425 2430 Deo
1449 2355 1673 2449 inconsulto,
1698 2362 1787 2438 vitio
1810 2386 1900 2464 pro·

547 2459 806 2541 nunciaveratr
831 2454 890 2532 sed
922 2453 1063 2554 plenius
1099 2376 1325 2551 expuiturus
1357 2464 1519 2529 mentem
1554 2454 1736 2547 Domini,
1763 2460 1800 2537 ἃ
1832 2461 1896 2540 de.

547 2554 811 2637 monstraturus
829 2566 962 2656 quanta
981 2551 1033 2626 vis
1059 2546 1141 2626 esset
1162 2547 1226 2625 resi
1253 2548 1403 2626 iscentiae
1426 2551 1463 2627 δι
1482 2576 1644 2653 precum.

565 2727 569 2734 .
598 2652 760 2738 XLIV.
786 2652 972 2734 Addamus
994 2649 1031 2726 ἃ
1050 2646 1154 2749 Jonae
1170 2648 1208 2724 hi
1239 2651 1379 2743 oriam3
1405 2653 1466 2752 qui
1496 2652 1542 2731 ad
1567 2652 1744 2738 Ninivitas
1769 2655 1889 2738 missus
1904 2660 2047 2729 xilva:

544 2755 619 2844 est,
643 2766 688 2832 ut
711 2754 940 2856 ptaedicaret‚
966 2749 1069 2824 adhuc
1102 2750 1312 2850 quadraginta
1346 2751 1436 2834 dies,
1461 2752 1502 2839 (ς
1528 2754 1639 2829 tunde
1668 2767 1796 2835 Ninive
1811 2760 1890 2855 sul.
1904 2742 2075 2835 ΨΜ·

521 2874 705 2936 -uertetuc
754 2851 797 2930 ln
826 2850 980 2952 speciem
1009 2847 1159 2961 quidem
1182 2845 1340 2923 absoluta
1361 2847 1549 2926 videbatur
1576 2851 1654 2932 haec
1681 2856 1865 2957 praediiiio
1880 2831 2073 2933 :umam

543 2969 587 3036 at
612 2954 752 3032 suberat
773 2963 895 3028 umen
915 2946 1099 3034 conditio,
1125 2944 1188 3021 nisi
1221 2943 1404 3045 infigniter
1439 2946 1677 3046 resipiscerent
1708 2954 1891 3032 Ninivitae.

542 3055 677 3152 Quam
700 3046 856 3141 subesse,
881 3045 907 3124 u
927 3070 1006 3123 non
1027 3043 1225 3145 pleniffime
1245 3042 1393 3144 persuasi
1413 3042 1563 3133 suerint,
1589 3048 1710 3128 saltem
1733 3051 1893 3154 suspicati

541 3153 637 3236 sint
687 3147 786 3230 Hinc
806 3148 852 3225 ad
877 3167 1002 3247 preces
1030 3146 1068 3220 δι
1091 3144 1226 3243 jejunia
1251 3142 1284 3218 se
1310 3158 1590 3233 converterunt,
1617 3147 1800 3240 dicentes,
1823 3156 1893 3254 qui

532 3261 626 3358 scit,
650 3279 694 3328 aa
725 3254 900 3343 reversum
923 3245 993 3338 fit,
1018 3244 1059 3331 dt
1080 3253 1224 3338 paeniteat
1249 3251 1374 3327 Deum,
1399 3263 1440 3319 ut
1467 3248 1586 3341 reverso
1616 3276 1649 3324 eo
1676 3251 1718 3324 ab
1742 3256 1812 3347 astu
1835 3262 1892 3328 ira

532 3363 610 3458 su
631 3345 894 3446 conparantes?
917 3341 964 3422 lit
991 3365 1113 3418 revera
1135 3350 1279 3436 penituit
1306 3351 1411 3419 Deum
1442 3348 1501 3445 ejttt
1523 3351 1600 3423 mali
1621 3375 1695 3447 quo·
1705 3353 1741 3445 se
1764 3353 1891 3428 dixerat

538 3453 731 3556 φᾶσα
748 3473 817 3532 eor,
843 3445 884 3534 (r
906 3471 968 3520 nan
991 3441 1103 3537 affecit.
1129 3438 1213 3542 Jon.
1235 3467 1314 3521 111.
1341 3441 1379 3518 id
1399 3443 1471 3531 eil,
1498 3443 1574 3544 ipso
1599 3444 1690 3524 satio
1711 3449 1891 3538 ostendit,=

520 3547 768 3662 -praedittioni
796 3545 892 3622 hanc
926 3539 1178 3622 conditionem
1207 3536 1392 3628 subfuisse,
1420 3542 1483 3619 nili
1513 3544 1706 3625 criminum
1737 3546 1894 3627 suorum.

537 3647 802 3760 poeniterm
835 3653 1013 3745 agentes,
1048 3663 1090 3718 ea
1115 3662 1202 3717 cum
1235 3640 1379 3717 meliori
1410 3643 1492 3720 vita
1521 3641 1683 3724 institruo
1713 3670 1884 3727 commu·

592 3843 723 3938 XLV.
740 3842 997 3944 Quaerendum
1027 3840 1173 3918 interim
1201 3839 1326 3931 restat,
1351 3840 1449 3920 unde
1487 3841 1523 3920 rli
1576 3844 1648 3923 osci
1679 3858 1808 3948 queat,
1835 3865 1881 3922 an
1895 3856 1986 3925 xcv.

537 3945 728 4058 prodistis
746 3947 865 4047 aliqua
884 3940 1041 4020 absoluta
1064 3937 1129 4025 iit,
1154 3961 1202 4016 an
1219 3937 1381 4038 suspensa⁸
1398 3966 1418 4019 a
1446 3963 1519 4020 con
1549 3945 1658 4022 'tione
1688 3967 1768 4046 quae
1784 3941 1878 4023 'reti-
1897 3938 2029 4033 unacurt

539 4047 671 4132 cetur-t
696 4043 859 4126 Multum
878 4041 1014 4142 diuque
1034 4037 1080 4116 de
1100 4037 1169 4115 hac
1188 4039 1335 4116 materia
1357 4043 1531 4142 cogitanti
1548 4044 1626 4122 bac
1648 4041 1794 4122 modern
1814 4013 2059 4173 ‹tc-jsssssssffisj,

544 4159 734 4228 umerum
758 4167 769 4222 ε
795 4139 968 4220 nonnulla
1001 4141 1110 4216 etiam
1141 4136 1162 4213 s
1230 4134 1304 4214 effit
1336 4137 1540 4220 linumuus
1568 4142 2054 4233 Smcmommrmamp.

540 4249 638 4328 inoer
657 4243 942 4345 Anglicanorum
961 4235 1155 4318 Pmsulum
1215 4233 1405 4316 omffimos
1425 4263 1559 4340 magno
1576 4239 1639 4319 suo
1661 4242 1790 4318 merito
1813 4245 2031 4331 riu-satutant

540 4343 738 4428 mannans
759 4352 841 4440 0rig.
864 4347 990 4418 amar.
1012 4339 1081 4415 fil.
1097 4363 1153 4417 rr.
1182 4343 1258 4432 cap.
1272 4358 1331 4416 vr.
1384 4338 1574 4419 Distinilio
1604 4335 1802 4418 arcessenda
1823 4343 1877 4418 vi.
1891 4348 2046 4484 ἕπει.

539 4447 652 4612 detor
669 4445 803 4550 porn'm
818 4461 866 4518 cx
883 4438 937 4518 rei
953 4437 1118 4539 ubjetb
1132 4448 1279 4529 uanus,
1303 4441 1434 4541 partim
1454 4461 1504 4516 ex
1527 4435 1879 4623 singularibubsusapg
1893 4490 2065 4630 :mm

2053 2041 2071 2099 i
