4909 5425
755 517 803 586 .'
893 534 948 632 De
987 552 1031 604 1v
1055 529 1236 608 Besttrs
1262 531 1506 610 Dnnrntrs·
1778 555 1850 631 455

526 662 585 738 sua
599 654 743 730 hebebit
756 656 793 728 in
807 658 973 731 omnibus
1003 660 1110 732 terris.
1162 659 1252 736 Illud
1272 661 1439 733 nimirum
1471 686 1631 761 regnum,
1646 662 1850 759 gloriosum,

553 755 630 830 uod
646 754 803 830 consistet
816 757 852 828 in
866 759 1061 831 multorum
1077 784 1356 857 magnorumque
1372 764 1588 858 populorum
1604 760 1645 833 ad
1662 760 1848 835 Ecclefiam

526 787 955 938 silnislianamconfluxur
986 859 1025 930 iu
1041 856 1280 956 subjugatione
1294 879 1353 932 aut
1373 859 1543 933 deletione
1557 860 1703 933 hostium
1723 862 1847 934 verita·
1987 901 1990 906 ·

526 955 1103 1057 temEvangeliipersequentium
1130 960 1167 1030 in
1193 955 1461 1057 amplificatione
1486 961 1625 1034 coelestis
1650 959 1842 1058 sapientiae,

526 1056 732 1143 sanctuaria,
754 1056 910 1144 laetitiae,
939 1060 1167 1155 omniumque
1181 1056 1358 1130 donorum
1373 1060 1537 1157 Spiritus3
1554 1061 1590 1131 in
1601 1059 1755 1133 ubertate
1769 1085 1848 1131 om-

525 1159 628 1238 nium
644 1153 952 1243 benedictionum,
967 1157 1071 1228 etiam
1089 1157 1131 1231 ad
1143 1160 1230 1230 hanc
1245 1158 1355 1229 vitam
1403 1161 1642 1248 ertinentium,
1659 1162 1766 1257 qualis
1780 1160 1848 1231 Dei

525 1257 607 1336 filiis
620 1256 701 1330 beni
728 1280 803 1328 nea
826 1254 993 1328 Patresuo
1009 1257 1131 1330 habitis
1143 1255 1176 1327 di
1202 1283 1244 1327 na
1253 1276 1354 1354 atque
1372 1185 1494 1332 decora
1504 1259 1566 1340 est3
1592 1258 1784 1356 deniquein
1810 1283 1848 1329 ea

525 1359 672 1450 Divinae
686 1282 805 1455 gsoriae
820 1379 859 1427 ac
874 1354 1052 1448 majestatis
1065 1356 1163 1455 super
1178 1283 1339 1430 fidelibus
1349 1357 1639 1446 manifestatione,
1655 1384 1736 1457 quae
1746 1383 1848 1429 mun.

527 1457 575 1548 do
597 1455 824 1556 quantumvis
836 1454 984 1555 ringenti
1000 1457 1088 1529 hanc
1106 1452 1360 1530 confeffionem
1383 1478 1605 1557 extorqueat,
1648 1483 1786 1558 regnare
1811 1458 1848 1528 in

526 1551 678 1642 Ecclesia
698 1553 887 1642 Christum,
911 1554 995 1628 &in
1019 1555 1151 1629 Christo
1175 1552 1371 1630 Ecclefiam.
1424 1561 1508 1632 Hoc
1536 1558 1579 1629 esl
1596 1557 1680 1630 illud
1703 1581 1848 1657 regnum

527 1656 629 1759 quod
642 1652 840 1728 describitur
853 1653 936 1727 vers.
948 1679 1006 1747 27·
1035 1664 1077 1728 Et
1090 1680 1238 1751 regnum,
1257 1660 1300 1729 (a
1314 1656 1514 1745 dominatus,
1538 1660 1578 1732 (a
1590 1659 1730 1752 majestas
1744 1680 1849 1752 regno-

526 1783 605 1836 ηε
613 1753 676 1848 sub
694 1759 778 1829 omni
796 1755 867 1826 celo
888 1762 963 1829 data
978 1755 1019 1838 cll
1027 1759 1142 1855 populo
1154 1756 1347 1831 Sarrslornm.
1399 1763 1562 1849 Quatuor
1583 1778 1700 1830 autem
1716 1758 1771 1828 illa
1793 1783 1845 1827 re.

528 1883 624 1962 gna,
643 1856 714 1929 hoc
730 1854 849 1927 Christi
863 1880 1006 1956 regnum
1032 1858 1189 1957 proxime
1209 1855 1414 1932 antecessura
1431 1910 1444 1946 ,
1478 1858 1649 1955 pertinent
1657 1855 1698 1930 ad
1708 1875 1844 1953 tempo·

527 1983 565 2034 ra
578 1961 704 2056 Qmi
713 1953 759 2025 illi
764 1980 802 2026 us
818 1958 964 2048 Imperii,
973 1956 1069 2054 quod
1084 1956 1378 2038 Nebucadnetnari
1387 1986 1446 2057 per
1459 1958 1555 2031 tibias
1575 1958 1708 2054 &pedes
1723 1981 1847 2053 reprac-

528 2057 703 2136 sentatum
718 2051 791 2126 suit.
844 2053 981 2129 Idcirco
997 2055 1083 2128 bene
1093 2056 1347 2130 observandum
1362 2110 1373 2146 ,
1399 2056 1583 2157 quomodo
1601 2060 1676 2131 haec
1694 2058 1847 2132 Danielis

527 2155 620 2234 visio
634 2154 820 2230 conveniat
838 2176 898 2229 aut
917 2150 1049 2230 differat
1068 2155 1112 2230 ab
1129 2183 1169 2231 ea
1188 2157 1397 2232 revelatione
1413 2184 1493 2257 quae
1507 2156 1797 2238 Nebucadnetaari
1812 2159 1849 2228 in

528 2255 662 2332 soumis
683 2253 843 2352 contigit.

646 2367 694 2440 V.
721 2363 762 2436 In
776 2364 879 2440 statua
889 2365 1193 2447 Nebncadneturis
1208 2363 1388 2439 exhibetur
1406 2341 1559 2459 σύνοψις
1578 2367 1742 2439 omnium
1759 2384 1880 2476 tem·V
1897 2408 1981 2493 mus
1992 2428 2026 2472 m

577 2489 659 2540 rum
673 2467 710 2538 in
719 2484 869 2560 quatuor
881 2467 1092 2542 notabilibus
1106 2466 1274 2564 Imperiis.
1329 2471 1422 2560 Quae
1432 2467 1500 2540 hoc
1514 2463 1634 2540 ordine
1644 2466 1841 2563 sequuntur:
1855 2432 2006 2556 ,gg-„sp

583 2567 723 2665 perium
735 2565 977 2665 Babylonicum,
1005 2568 1181 2661 Perficum,
1211 2571 1592 2648 &numilitatem
1645 2564 1974 2640 Notabaturnemad

529 2667 635 2741 etiam
657 2663 722 2740 sub
757 2684 851 2743 uarro
869 2671 1025 2766 Imperio
1045 2670 1219 2744 oriturum
1258 2666 1318 2741 esse
1339 2668 1532 2756 Christum,
1573 2671 1604 2743 ἃ
1630 2692 1738 2754 eum,
1756 2654 1999 2764 post-smmum

528 2788 637 2869 quam
652 2691 782 2838 excisis
795 2765 836 2840 fit
850 2795 892 2840 ex
913 2771 1050 2867 populo
1073 2770 1162 2856 suu,
1189 2766 1388 2843 habiturum
1404 2767 1466 2841 effe
1492 2795 1639 2868 regnum
1662 2732 2013 2877 ωαςῐιιιιηᾷζξὲξζξ

528 2892 567 2943 ιε
582 2863 723 2940 tandem
740 2865 995 2942 consradlurum
1015 2868 1077 2941 esse
1098 2895 1201 2968 regna
1229 2870 1348 2940 omnia
1372 2868 1567 2941 adversaria.
1620 2867 1712 2955 Quia
1727 2885 1845 2937 autem
1988 2856 1998 2879 ’

525 2966 632 3043 stante
646 2964 703 3038 illa
718 2967 868 3065 imagine
887 3020 899 3056 ,
922 2966 990 3041 sive
1004 2992 1097 3066 parte
1117 2970 1238 3041 ultima
1252 2969 1395 3066 Imperii
1411 2992 1556 3064 peream
1568 2965 1747 3050 denotati,
1774 2988 1847 3033 ma-

526 3092 606 3171 gnae
621 3066 834 3140 mutationes
849 3069 885 3140 in
897 3068 1034 3151 mundo
1048 3067 1173 3157 suturae
1192 3087 1312 3159 erant,
1339 3093 1381 3139 ne
1404 3063 1523 3138 deesset
1545 3064 1705 3138 fidelibus
1730 3061 1849 3137 instru-

525 3167 598 3245 ffio
614 3164 658 3239 de
672 3164 736 3239 illis
752 3167 1025 3257 mutationibus,
1047 3172 1078 3240 ἃ
1095 3186 1133 3241 ut
1148 3166 1210 3239 suo
1226 3188 1386 3264 tempore
1404 3170 1518 3258 Judai
1543 3167 1643 3240 etiam
1670 3162 1849 3263 potentius

524 3266 567 3343 dr
581 3290 694 3366 regno
712 3265 832 3338 Christi
847 3269 1011 3340 convinci
1040 3265 1193 3363 possent,
1220 3266 1371 3339 exhibita
1400 3268 1435 3340 in
1468 3270 1536 3340 hoc
1559 3291 1628 3341 vlt
1648 3268 1759 3365 capite
1780 3265 1848 3336 alia

588 3388 665 3441 tuor
680 3387 774 3463 regna
794 3366 890 3453 sunt,
909 3392 989 3463 quae
1004 3366 1161 3442 exstitura
1180 3387 1275 3439 erant
1289 3371 1323 3439 in
1340 3367 1475 3439 mundo
1496 3388 1677 3466 antequam
1697 3364 1849 3465 populus

524 3394 649 3547 griffi
668 3489 815 3565 regnum
830 3465 1079 3564 adipisceretur.
1131 3467 1177 3541 Et
1194 3464 1241 3539 fic
1261 3469 1369 3539 multa
1395 3487 1616 3565 exponuntur
1630 3466 1671 3540 ad
1697 3485 1851 3566 quartum

524 3572 703 3669 inguim
716 3566 942 3667 pertinentia,
960 3591 1109 3664 quorum
1126 3585 1184 3642 aut
1201 3566 1293 3639 nulla
1311 3618 1322 3654 ,
1340 3585 1398 3640 aut
1409 3566 1643 3664 perobscura,
1666 3565 1850 3666 repraesen-

525 3670 618 3749 ntio
631 3667 668 3740 in
681 3664 738 3739 illa
757 3666 907 3763 imagine
919 3685 1002 3743 erat.

627 3767 693 3843 Vl.
720 3765 830 3856 Quod
845 3763 869 3838 si
884 3764 1143 3864 putamusidem
1159 3766 1261 3864 plane
1274 3762 1337 3839 effe
1360 3762 1552 3857 subjectum
1565 3764 1665 3859 hujus
1682 3766 1846 3865 aenigma-

523 3868 594 3957 tis,
621 3892 724 3967 quare
739 3866 832 3940 nulla
846 3867 902 3940 hic
918 3866 962 3939 esi
979 3867 1114 3939 mentio
1130 3871 1239 3959 lapidis
1252 3869 1404 3939 demente
1418 3863 1533 3957 excifi,
1551 3865 1845 3961 quemadmodum

524 3970 615 4070 Gap·
639 3992 697 4045 11.
723 3964 779 4039 sed
817 3985 951 4041 tantum
984 3987 1196 4042 memoratur
1228 3965 1397 4060 judicium
1419 3965 1540 4038 Christi
1569 3968 1758 4039 exercitum
1782 3964 1845 4040 sub

549 4086 649 4145 uarta
665 4066 796 4143 bestia?
819 4066 902 4141 Hoc
916 4066 993 4163 sape
1007 4093 1172 4166 magnum
1273 4089 1428 4141 mentum
1441 4066 1499 4153 est,
1522 4066 1642 4139 omnia
1654 4067 1729 4139 lraec
1742 4090 1847 4164 tegna

523 4094 623 4269 bqui
639 4167 893 4269 apparitionem
911 4166 1029 4241 Christi
1044 4195 1056 4248 3
1083 4193 1148 4243 nec
1163 4194 1212 4268 po
1238 4168 1426 4259 ei’erficnm
1443 4187 1502 4239 aut
1528 4174 1709 4245 Grannum
1728 4171 1849 4262 Impe'

523 4270 620 4347 rium
635 4295 698 4368 per
712 4268 826 4345 ullum
843 4268 971 4341 horum
990 4269 1193 4342 animalium
1221 4269 1377 4369 intelligi.
1428 4268 1546 4341 Multo
1571 4268 1686 4341 minus
1703 4264 1848 4366 intelligi

522 4366 621 4475 posse
637 4369 774 4445 videtur
785 4366 1013 4456 Babylonem
1026 4394 1037 4443 :
1052 4367 1246 4444 exhibitum
1262 4371 1357 4441 enim
1373 4370 1443 4443 hoc
1452 4366 1628 4441 somnium
1640 4367 1684 4439 etl
1696 4369 1846 4458 Danieli,

522 4466 627 4577 primo
645 4494 726 4548 anna
738 4469 971 4560 erbawis,
994 4470 1055 4571 qui
1081 4470 1224 4547 ultimus
1248 4469 1315 4548 suit
1336 4468 1414 4545 Rex
1428 4468 1619 4547 Monarrdiae
1634 4468 1873 4643 Babylonffl.
