4909 5425
1034 413 1533 499 Derlrvsonnrrs.
1899 430 1935 494 23

584 535 720 641 potest·
740 532 805 612 nili
836 531 883 609 ab
916 529 1065 628 ingenio
1096 529 1199 631 quod
1231 529 1364 609 Divina
1395 543 1502 634 atque
1530 532 1683 607 humana
1701 526 1840 632 susque
1871 528 2114 637 <le-masmae

583 659 662 738 que
687 635 818 719 habet,
845 631 882 707 &
916 630 1094 730 sapientia
1127 627 1274 705 culmen
1313 634 1496 708 constituit
1524 637 1550 703 b
1579 633 1627 723 τῷ
1648 639 1793 716 ame-ur.
1844 630 2098 716 Nonfiledigna

584 735 752 839 peccabo
773 735 812 807 in
834 744 998 828 tempora
1019 726 1158 805 ledoris
1186 751 1316 805 eorum
1336 730 1541 808 recensione
1566 755 1645 832 quae
1669 732 1839 807 omnibus
1861 752 1931 807 no·
1942 718 2079 795 exempla.

586 848 652 919 ta,
677 829 870 932 pasbmque
905 827 1013 903 obvia
1045 825 1134 903 sunt
1184 827 1338 905 Paucula
1367 853 1656 909 commemorare
1694 829 1821 914 lubet,
1849 851 1929 930 quae

586 930 828 1011 memorabile
863 927 998 1027 aliquid
1024 948 1097 1026 prae
1119 926 1154 1003 se
1182 925 1326 1003 serunt:
1350 930 1448 1005 unde
1476 930 1593 1029 palam
1620 930 1707 1013 erit,
1735 927 1930 1029 quomodo

583 1028 724 1115 Divina
772 1028 937 1105 rudentia
960 1029 998 1101 in
1018 1026 1183 1103 humanis
1202 1026 1309 1101 rebus
1326 1025 1439 1104 santle
1458 1027 1701 1128 sapienterque
1721 1027 1832 1104 ludat.

635 1127 708 1207 lV.
789 1126 865 1226 spat
890 1123 1090 1209 Peucerus,
1117 1124 1267 1201 celebris
1289 1125 1349 1201 ille
1368 1130 1492 1301 mapni
1516 1127 2109 1301 Melanchtonisgener,1v.xeuoe.

581 1250 702 1331 quum
724 1230 762 1303 iu
780 1226 952 1302 diuturno
976 1219 1146 1298 durilfimi
1170 1225 1321 1300 carceris
1346 1222 1429 1325 squa
1445 1248 1509 1302 ore
1538 1225 1745 1324 langueret,
1773 1228 1864 1302 vius
1885 1222 2053 1318 ssasane

582 1326 626 1403 bi
650 1351 717 1428 per
735 1325 915 1400 somnium
942 1322 989 1399 ell
1009 1320 1150 1399 illustris
1176 1320 1338 1399 soeminae
1373 1324 1546 1425 exsequiis
1577 1321 1762 1417 interesse,
1786 1321 2032 1401 sunem-”¹m·

518 1482 520 1513 ,
581 1448 661 1526 que
682 1446 759 1525 quo
781 1444 955 1521 campana
973 1419 1176 1497 trahebatur
1199 1419 1256 1496 sua
1281 1445 1390 1498 manu
1416 1436 1556 1511 tenete,
1583 1447 1693 1526 quem
1721 1423 1814 1502 sorte
1845 1446 1930 1523 rup-

584 1538 671 1600 tum
700 1523 910 1621 projiceret:
937 1517 1164 1619 proclamans
1194 1521 1300 1596 verba
1323 1520 1453 1609 ¹Psalmi
1480 1546 1609 1602 cxxrv.
1625 1548 1661 1618 7.
1679 1526 1710 1598 la
1731 1552 1787 1598 ueo
1810 1522 1933 1617 efflatio

584 1650 647 1699 nos
669 1630 766 1715 erepti
782 1625 903 1715 sarnus.
954 1614 1095 1695 Eodem
1124 1619 1267 1697 somnio
1302 1621 1554 1721 ingerebantur
1589 1626 1622 1699 ei
1654 1552 1761 1699 verba
1785 1621 1859 1700 Dei
1887 1620 1934 1696 ad

581 1716 779 1803 Ezechiam
798 1741 845 1795 ex
863 1716 928 1819 Jes.
942 1739 1128 1795 xxxvrrr.
1153 1740 1183 1813 5.
1207 1727 1285 1795 Ecce
1305 1748 1354 1820 ego
1372 1722 1492 1797 addan
1511 1722 1619 1798 diebus
1638 1726 1702 1799 ruri
1719 1748 1816 1797 annos
1857 1728 1933 1793 uin-

581 1822 695 1899 decim.
757 1817 883 1896 Utram
911 1840 957 1894 ue
991 1815 1121 1893 somnii
1156 1830 1295 1916 partem
1332 1834 1482 1897 eventus
1513 1821 1774 1921 comprobavit
1874 1842 1934 1895 am
1983 1902 1992 1915 ,

580 1923 712 2097 paucis
768 1916 822 1994 oll
839 1841 966 1993 dianus
989 1916 1083 1991 obiit
1107 1917 1212 1994 Anna
1244 1913 1414 1996 Eletloris
1440 1920 1605 1997 Saxoniae
1630 1942 1751 2006 uxor,
1777 1941 1857 2021 quae
1879 1919 1934 1992 in-

599 2018 721 2095 'eltoo
749 2021 787 2093 io
811 2014 1012 2093 Peueerum
1034 2012 1333 2116 prosequebatur,
1360 2018 1504 2119 ejusque
1533 2032 1690 2097 mortem
1723 2041 1814 2095 mox
1845 2040 1935 2095 con-
2096 2036 2101 2051 ·

579 2116 704 2197 secuta
726 2116 858 2217 captivi
879 2113 1044 2193 liberatio
1062 2113 1120 2190 elb
1171 2116 1292 2215 Atque
1317 2117 1362 2193 ab
1387 2116 1450 2194 illo
1476 2131 1641 2218 tempore
1663 2116 1844 2195 sexdecim
1870 2139 1933 2192 an·

581 2238 656 2393 2⁰⁸
674 2228 814 2316 exegit,
840 2214 984 2315 optima
1010 2212 1131 2290 fruens
1158 2212 1387 2309 valetudine,
1411 2214 1450 2293 dc
1478 2216 1681 2295 cumulatus
1712 2215 1853 2294 bonore
1890 2237 1932 2293 ac

615 2315 729 2391 ivitiis

632 2411 680 2491 V.
706 2412 835 2493 Narrat
857 2412 1026 2512 cassandas
1050 2413 1089 2489 in
1113 2415 1185 2490 rita
1206 2413 1350 2514 Peirasia·
1369 2412 1415 2490 ad
1441 2414 1587 2494 Annum
1608 2439 1742 2495 nocrx.
1768 2413 1871 2518 quod
1888 2414 1926 2490 in
1944 2435 1977 2498 v.
1997 2398 2104 2499 aare·

577 2515 712 2593 itinere
745 2510 863 2591 Mons
881 2512 992 2589 elium
1020 2535 1063 2591 ac
1092 2512 1313 2590 Nemausum
1337 2515 1453 2601 inter,
1480 2513 1708 2593 somniaverit
1739 2517 1927 2616 Peireslqius,
1942 2518 1991 2580 tri.

552 2626 626 2695 'ac
645 2611 765 2691 nescio
783 2536 880 2714 quid
890 2610 1074 2689 insolitum
1098 2614 1373 2691 obmurmurare
1398 2614 1489 2692 visus
1510 2614 1637 2694 suerit:
1665 2639 1774 2718 quare
1797 2615 1928 2695 Ralne·

575 2718 656 2794 1ius
674 2714 813 2790 itineris
829 2734 977 2797 comes,
1002 2712 1136 2813 ipsum,
1164 2709 1296 2814 ecquid
1315 2716 1402 2789 novi
1428 2710 1511 2792 esset
1536 2715 1727 2818 rogando,
1753 2737 1930 2817 experge-

581 2813 683 2892 secit.
733 2810 832 2891 Turn
852 2811 932 2898 ille,
957 2810 1083 2912 proh!
1114 2813 1252 2915 inquit,
1278 2835 1388 2914 quam
1411 2827 1554 2928 gratum
1576 2815 1784 2917 bellumque
1806 2810 1931 2890 excus-
2035 2827 2037 2832 ·

581 2911 653 2994 silli
679 2910 895 2991 somnium?
921 2911 1109 3007 Quaerenti
1135 2910 1334 2997 Raiuerio,
1363 2912 1534 3013 quidnam
1559 2917 1611 2990 rei
1633 2914 1746 3001 soret,
1773 2913 1931 2989 somnia·

581 3015 692 3099 bam,
716 3013 857 3112 inquit,
882 3033 943 3088 me
961 3007 1030 3088 elle
1049 3009 1245 3097 Nemausr,
1272 3011 1510 3113 oblatumque
1534 3013 1624 3089 mihi
1653 3010 1750 3089 fuisse
1773 3012 1818 3087 ab
1839 3010 1931 3086 auri·

577 3111 651 3192 fiee
670 3108 846 3189 numisma
871 3132 1019 3188 aureum
1047 3107 1133 3210 Julii
1155 3109 1326 3195 Caesatis,
1351 3114 1471 3211 pretio
1500 3110 1719 3192 scutatorum
1748 3121 1926 3214 quatuor:

578 3214 728 3314 jamque
761 3232 860 3286 eram
891 3209 940 3287 illi
970 3208 1015 3285 ad
1045 3207 1160 3308 ipsum
1193 3208 1402 3288 habendum
1435 3226 1686 3289 numeraturus
1714 3211 1944 3314 pecuniam

579 3333 724 3413 quum,
749 3310 931 3388 excitante
951 3322 987 3385 te
1007 3309 1241 3407 importune,
1267 3309 1304 3386 δι
1323 3332 1370 3387 ex
1396 3310 1512 3389 oeulis
1534 3314 1694 3400 aurifex,
1719 3311 1756 3387 &
1778 3333 1824 3389 ex
1853 3331 1933 3388 nra·

581 3412 691 3488 nibus
722 3407 900 3488 numisma
930 3407 1087 3485 evanuit.
1137 3405 1299 3496 Exinde,
1324 3408 1507 3488 sonmium
1539 3410 1627 3488 nibil
1653 3424 1838 3497 moratus,
1865 3405 1933 3485 dis-

582 3504 682 3587 cellit
701 3506 943 3594 Nemausum,
968 3506 1007 3584 dc
1030 3529 1147 3609 quum
1167 3509 1360 3607 prandium
1386 3525 1631 3610 appararetur,
1660 3536 1724 3613 per
1748 3511 1931 3588 civitatem

580 3608 621 3686 di
666 3603 754 3686 ellus
773 3607 836 3692 est.
886 3605 977 3689 Casu
991 3622 1112 3685 autem
1135 3606 1243 3710 plane
1257 3608 1436 3709 stupendo
1457 3613 1495 3686 in
1518 3610 1723 3698 aurificem,
1750 3632 1856 3696 ecce,
1874 3609 1930 3683 in-

580 3710 617 3788 ci
645 3711 698 3786 it:
725 3730 772 3786 ex
820 3729 871 3785 uo
893 3705 982 3786 dum
1003 3706 1274 3809 requireret,ll
1321 3710 1481 3810 uippiam
1505 3708 1596 3787 sorte
1617 3733 1738 3788 rarum
1761 3710 1930 3791 haberet,

577 3809 714 3890 habere
733 3805 770 3886 se
787 3731 847 3886 sse
866 3803 1050 3910 respondit
1066 3805 1204 3923 Julium
1227 3733 1401 3889 caelqarem
1421 3831 1579 3887 aureum.
1631 3809 1801 3910 Rogavit,
1816 3828 1930 3909 quan-

578 3912 608 3987 ti
639 3931 727 3990 eum
755 3907 959 3986 venderet:
984 3905 1168 4009 respondit
1200 3909 1318 4009 pretio
1345 3907 1564 3987 scutatorum
1586 3922 1754 4013 quatuor.
1805 3905 1931 4005 Itaque

578 4006 621 4086 id
640 4008 804 4108 pretium
827 4005 944 4086 statim
968 4008 1192 4091 numeravit,
1218 4020 1444 4110 acceptoque
1472 4008 1599 4111 Julio,
1623 4010 1806 4088 somnium
1826 4005 1929 4082 suum

580 4105 751 4186 felicitate
780 4106 872 4184 mita
904 4106 1114 4210 complevit.
1164 4105 1285 4186 Lubet
1316 4131 1501 4211 apponere
1537 4111 1683 4214 Grqlendi
1718 4106 1822 4208 super
1851 4104 1927 4184 boc

579 4204 728 4283 somnio
749 4204 935 4303 judicium.

633 4302 702 4386 Vl
731 4314 858 4398 faede,
882 4309 1033 4412 inquit,
1058 4314 1191 4410 cogitare
1224 4310 1394 4411 amatus
1426 4312 1625 4404 Nemausum
1646 4315 1776 4405 pouit,
1800 4334 1861 4413 qno
1874 4309 1925 4404 se-
1939 4314 2108 4401 Vluaffen·

576 4426 696 4512 quente
724 4408 797 4486 luce
819 4428 890 4486 erat
917 4412 1111 4512 uceffmm
1131 4418 1238 4509 potuit
1265 4412 1345 4489 illud
1375 4414 1461 4510 Julii
1482 4418 1660 4507 nmijm,
1685 4412 1772 4515 quod
1791 4397 2096 4512 vigilamdisfqereo

1847 4478 2085 4610 smum
