4909 5425
743 534 817 621 554
1179 500 1394 586 Lran.
1448 500 1642 579 Cre-X.

558 693 602 753 Ἡ
616 687 691 747 inci.
846 644 910 720 XI.
935 637 1161 734 Plerumque,
1178 634 1305 721 fateor,
1325 634 1496 729 atquiores
1516 627 2013 733 expertisumusrllagillratus
2026 641 2070 705 rs

560 734 696 833 caricibus
749 754 871 827 sititor:
888 744 942 817 sed
957 742 1050 816 Eccle
1063 739 1164 825 rasisti
1177 736 1260 808 nihl
1275 737 1484 839 intentatum
1524 733 1760 828 reliquerunt,
1792 760 1876 832 qno
1893 737 1940 808 ad
1952 760 2070 809 omnem

560 848 692 933 adsaevi.
750 880 810 926 eos
828 844 993 923 saevitiem
1007 860 1178 914 acuerent.
1227 837 1316 907 Noti
1336 835 1411 906 sunt
1427 850 1566 903 trilornes
1580 833 1764 910 resticuli:

560 926 735 1023 ‘'smsscl‘·
849 954 951 1024 Utere
961 945 1126 1036 juretuo,
1146 936 1265 1027 Cesar,
1274 937 1439 1034 sirau-spus
1459 932 1591 1007 Lurlseri

560 1004 692 1089 ⁶⁶st¹⁶¹⁸‘
848 1048 949 1139 Ense,
964 1058 1056 1129 rotis,
1076 1036 1355 1140 ponto,furril›us,
1371 1042 1441 1132 igne
1457 1060 1542 1111 ηοοο.

748 1152 860 1225 Porro
873 1176 914 1222 ne
932 1142 1052 1216 deell'et
1063 1144 1123 1241 qui
1138 1140 1319 1213 haerecic'cs
1335 1136 1504 1209 mactandi
1517 1134 1720 1234 praeclaram
1742 1152 1870 1209 artem
1888 1138 1984 1239 ipsos
1995 1143 2069 1227 doct

748 1272 800 1324 ret
816 1246 990 1326 carnifices
1001 1294 1012 1329 ‚
1025 1270 1100 1317 eam
1124 1265 1264 1339 operam
1285 1237 1347 1309 libi
1364 1236 1481 1309 l'umlit
1494 1246 1534 1309 P.
1554 1236 1712 1314 arlaldus
1726 1237 1901 1339 Jesuita:

846 1350 1021 1427 Nimirum
1033 1346 1133 1437 Casiis
1143 1343 1187 1434 fit
1199 1342 1334 1415 vit'iitrna
1343 1356 1440 1435 grata
1454 1337 1593 1428 rebeliis,

913 1452 966 1522 Sic
980 1446 1052 1537 cusat
1069 1448 1110 1533 esi
1119 1446 1245 1541 superis
1249 1450 1372 1539 gratior
1386 1464 1467 1537 agna
1488 1446 1570 1513 Diis.

846 1548 1024 1645 Qisctnlso
1039 1546 1235 1644 obliquans,
1251 1549 1323 1616 dnm
1343 1541 1474 1617 mandat
1488 1541 1599 1635 julia,
1611 1542 1759 1638 pietro
1773 1592 1789 1633 ,

914 1646 1227 1745 Stesptndenslaqueo
1240 1648 1395 1729 crimina,
1417 1645 1519 1735 Bria,
1536 1660 1617 1727 tuo,

836 1753 949 1824 Exitio
961 1764 1086 1845 portato
1102 1800 1112 1827 ,
1132 1752 1216 1843 rogis
1228 1749 1408 1845 imponito,
1429 1764 1522 1844 ponto

923 1856 1063 1945 Mergito
1078 1900 1089 1935 ,
1098 1844 1278 1944 forcipibus
1290 1853 1400 1920 cadim
1418 1900 1427 1925 ,
1435 1847 1524 1937 serto
1539 1842 1636 1934 feris.

847 1951 932 2043 Ense
940 1948 1029 2042 feri,
1043 1968 1148 2023 necato
1157 1950 1246 2042 fame
1262 2000 1273 2035 ‚
1282 1948 1432 2046 [ermque
1442 1948 1569 2039 litato,

921 2051 1196 2149 Compedestringe
1207 2048 1303 2141 pedet
1319 2099 1330 2133 ,
1364 2072 1425 2123 οηοο
1441 2049 1536 2143 ligato
1545 2048 1659 2135 serres:

848 2150 919 2245 Ossa
934 2154 1099 2239 revestito,
1117 2178 1213 2225 crura
1226 2148 1422 2245 restingim,
1446 2153 1579 2239 runrpito
1602 2146 1783 2240 membra,

930 2255 1062 2341 Lirin,
1078 2256 1120 2329 (η
1135 2259 1171 2328 in
1179 2253 1290 2351 pluris
1304 2258 1438 2341 scindite
1449 2250 1644 2345 particulas.

853 2358 938 2425 Hinc
947 2353 1072 2429 aditum
1083 2354 1126 2427 ad
1150 2372 1250 2428 crates
1271 2354 1424 2443 reserato,
1441 2366 1606 2447 notatoque
1618 2350 1743 2446 fibras,

921 2462 1020 2532 Cerne
1031 2455 1208 2547 finilierius
1221 2454 1447 2551 destrrinsque
1461 2454 1559 2525 littus.

753 2552 823 2625 Cui
840 2577 914 2623 non
926 2557 1070 2627 horrore
1086 2556 1310 2652 arrigerentur
1323 2578 1460 2638 comas,
1476 2552 1498 2623 fi
1514 2554 1548 2623 in
1561 2551 1706 2623 hisloriis
1721 2553 1881 2652 legeret,
1901 2558 2032 2659 Popam
2043 2562 2082 2631 ali.

756 2676 864 2748 quem
887 2653 1135 2741 Diocletiano,
1153 2672 1212 2726 aut
1226 2654 1410 2725 Maxentio
1427 2654 1526 2726 alicui
1541 2650 1715 2739 adstitisse,
1749 2656 1818 2752 qui
1843 2659 1906 2731 vel
1923 2662 2083 2754 Tyranno,

753 2752 811 2826 vel
827 2752 1005 2842 carnifici,
1022 2755 1099 2826 talia
1108 2755 1144 2826 in
1158 2778 1278 2826 anrem
1293 2752 1537 2826 insusurraret?
1554 2777 1664 2849 neque
1680 2755 1785 2827 enim
1802 2760 1982 2835 credibile
1993 2763 2084 2848 ellia-

753 2870 902 2927 ventum
915 2852 1007 2926 soille
1021 2853 1080 2951 qui
1092 2855 1206 2952 palam
1222 2848 1339 2926 efferre
1352 2879 1425 2924 non
1446 2851 1668 2924 erubesceret.
1724 2855 1773 2928 Et
1801 2859 1893 2936 haec
1912 2865 2084 2938 Christiani

753 2948 971 3051 professionis
983 2954 1156 3040 sacerdos,
1175 2952 1476 3026 aclementilsrmo
1495 2952 1575 3047 Jesu
1590 2978 1728 3024 nomen
1754 2983 1921 3055 gerens,
1940 2965 2085 3038 meditato

753 3053 907 3126 carmine
918 3053 1061 3141 scribit,
1081 3053 1350 3149 &inpublicnm
1367 3053 1552 3126 hominum
1576 3054 1690 3126 lucem
1706 3056 1806 3131 edit!
1863 3065 1905 3138 Ο
1924 3089 2000 3140 non
2011 3067 2086 3140 chi.

754 3151 902 3224 slianum
917 3156 1087 3254 amplius!
1104 3178 1148 3225 ne
1164 3153 1344 3226 hominem
1357 3152 1515 3250 quidem!
1537 3151 1719 3230 sedlntum
1745 3155 1935 3261 sanguine
1960 3191 2088 3241 macen.

756 3253 853 3323 tum!
883 3254 1125 3326 &monstrum
1143 3253 1180 3323 in
1199 3252 1337 3325 ultimas
1356 3279 1431 3325 oras
1444 3252 1722 3351 deportandum,
1739 3257 1812 3332 ubi
1830 3289 1926 3340 cum
1937 3267 2089 3356 leonibus,

756 3348 840 3426 ursls
853 3353 885 3424 δι
899 3353 1045 3452 tigribus
1059 3356 1181 3441 vivat,
1205 3350 1370 3425 infinities
1382 3351 1456 3449 ipso
1472 3354 1752 3430 humanioribus.

569 3461 640 3525 ΧΠ.
658 3455 723 3555 Qi
858 3451 939 3525 XII.
969 3456 1180 3549 Qricunque
1195 3454 1270 3526 hacc
1289 3454 1524 3528 Catholicorum
1546 3458 1583 3529 in
1596 3460 1795 3543 Donarijsas
1819 3472 2001 3569 exemplo
2022 3470 2087 3544 tueri

572 3541 735 3636 cassim·
760 3571 955 3641 conantur,
974 3556 1022 3628 illi
1039 3550 1250 3650 iniquissima
1261 3555 1522 3651 comparatione
1536 3558 1638 3630 malae
1651 3559 1783 3636 caussae
1811 3567 2042 3668 impudentes
2068 3571 2088 3644 se

571 3621 747 3686 ‘mmm‘
761 3671 929 3751 patronos
948 3653 1010 3728 esse
1026 3653 1188 3754 probant.
1240 3653 1281 3725 In
1295 3655 1335 3725 iis
1348 3653 1528 3730 ferrandus
1550 3657 1611 3746 est,
1629 3660 1690 3755 qui
1703 3666 1831 3740 multa
1844 3670 2027 3746 sedulitate
2036 3675 2088 3746 col·

487 3707 497 3718 -
569 3699 749 3864 :mm
762 3753 855 3825 seclis
867 3753 1125 3852 Imperatorum
1140 3755 1177 3824 in
1191 3755 1376 3834 Donatistis
1398 3754 1539 3843 edictis,
1566 3758 1651 3830 nihil
1666 3759 1714 3832 ab
1732 3763 1918 3844 Ecclefiae
1935 3775 2086 3847 Romane

571 3864 746 3960 nfia'mpu·
761 3853 992 3944 Proceribns,
1008 3855 1093 3927 nihil
1109 3851 1169 3927 abs
1187 3847 1282 3954 Rege
1298 3853 1359 3928 suo
1369 3876 1492 3930 contra
1505 3854 1733 3933 Reformatos
1760 3865 1805 3938 in
1825 3872 1947 3947 Gallia
1961 3871 2030 3946 fieri
2043 3901 2085 3946 nu

572 3943 739 4028 dentffm,
760 3972 862 4056 gnat‚
891 3954 988 4052 quod
1002 3981 1021 4029 a
1035 3953 1169 4027 laudata
1176 3955 1320 4052 piorum
1332 3956 1533 4054 Principum
1544 3955 1722 4035 severitate
1736 3963 1866 4044 abeat.
1926 3929 2083 4072 Atqnibn

565 4025 742 4111 fimus·
760 4053 902 4127 tandem
915 4058 1081 4157 exemplis
1095 4055 1225 4127 evincit
1242 4052 1480 4129 crudelissimae
1495 4059 1582 4130 aulae
1599 4058 1795 4161 parasitus,
1824 4069 1942 4146 edicta
1957 4077 2012 4148 illa
2024 4101 2081 4173 qut·

757 4155 941 4254 liacunque
957 4155 1159 4232 executioni
1171 4151 1296 4252 passim
1314 4155 1376 4230 ell'e
1398 4156 1587 4230 mandata?
1613 4160 1721 4259 Leges
1737 4171 1943 4246 enimvero
1962 4177 2081 4260 intent,

757 4253 885 4425 puibus
911 4258 1098 4354 pervicacis
1128 4280 1168 4329 ac
1199 4251 1330 4328 turbidi
1354 4256 1482 4356 ingemi
1503 4258 1668 4358 Episcopi
1697 4264 1729 4335 dr
1759 4268 1975 4366 Presbyteri
1988 4273 2079 4348 exiliit
2112 4253 2116 4274 ¹

783 4375 985 4432 amnentur:
1008 4377 1042 4431 at
1059 4354 1122 4431 ubi
1139 4355 1274 4428 invenit
1288 4353 1440 4430 edidlum
1456 4358 1596 4455 aliquod
1617 4367 1794 4458 Honorii,
1817 4396 1898 4469 quo
1913 4373 1977 4448 sub
1992 4375 2078 4475 puris

757 4454 955 4554 ipsamorte
969 4453 1187 4563 gravioribus
1200 4457 1394 4538 Donatirias
1412 4457 1538 4560 pedem
1551 4461 1658 4560 patria
1669 4459 1799 4550 efferre
1815 4471 2073 4556 inscidicarurrl

1972 4577 2071 4652 erius·
