4909 5425
560 456 600 540 ,ὅ
956 447 986 521 L
1011 461 1076 537 ιιι.
1110 447 1137 521 Ι.
1197 446 1333 521 cur.
1365 445 1481 523 XIV.

561 568 639 649 sum
664 564 777 649 Molis
802 562 943 643 viiluris
966 566 1095 641 chartis
1121 564 1315 641 mandaret.
1367 558 1626 642 Paulus‘olinr
1660 560 1827 665 scripsit,
1848 574 1891 665 Qu

564 677 718 769 eiigitur
737 672 909 762 prestantia
932 664 1071 761 Judaei?
1095 685 1153 738 aut
1177 692 1247 763 quar
1270 669 1393 739 utilitas
1421 664 1719 757 Circumcifionis?
1745 667 1893 763 Mustnpr

565 798 686 847 onruem
716 768 854 841 modum.
909 771 1101 839 Primnrium
1132 771 1213 837 euim
1249 765 1408 859 illudens,
1434 766 1587 878 quadris
1613 764 1894 859 creditasuntrb

564 878 641 973 qnia
665 865 866 944 Dei.Ron1.
890 890 966 941 ιιι.
987 889 1016 940 ι.
1033 886 1067 941 u.
1119 860 1230 938 Nunc
1254 884 1341 937 vero
1366 860 1531 938 audimus
1552 862 1730 963 aliquem
1762 866 1825 965 qui
1853 864 1895 944 Or·

567 969 703 1053 tliaeos,
730 964 905 1045 Havaeos,
934 962 1208 1045 Channtuaeos,
1235 958 1477 1036 vilissimarum
1503 962 1680 1059 gentium
1713 962 1896 1053 colluviem.

569 1090 615 1142 eo
639 1067 780 1140 honore
808 1059 955 1143 mutiat,
982 1062 1080 1135 utin
1103 1081 1230 1135 eorum
1255 1062 1414 1158 primum
1438 1062 1588 1157 gratiam
1614 1062 1845 1139 venerabilis
1861 1064 1898 1141 iit

569 1164 659 1240 liber
680 1159 905 1257 configuratus
927 1156 988 1241 lit,
1016 1181 1125 1256 quern
1150 1158 1239 1232 tanti
1262 1179 1338 1232 non
1358 1155 1471 1257 Judaei
1494 1157 1637 1243 solum,
1668 1156 1739 1235 sed
1766 1160 1806 1237 ἃ
1830 1162 1898 1241 de

570 1263 641 1339 llus
667 1285 751 1337 cum
777 1259 843 1333 suis
871 1256 1049 1355 Apostolis
1067 1256 1237 1332 iecerunt
1286 1255 1437 1333 Adeone
1457 1256 1548 1343 tibi,
1576 1256 1764 1344 Clerice,
1789 1259 1898 1360 diuiti

573 1360 663 1438 visus
699 1358 748 1434 est
779 1354 989 1431 sacrificulus
1024 1354 1284 1438 Samaritanus,
1311 1358 1370 1431 cui
1404 1351 1681 1434 Pentateuchus
1723 1356 1900 1435 inscribam

604 1483 687 1535 uam
722 1455 869 1534 Moses?
896 1452 1146 1554 dignioresque
1184 1449 1397 1528 miserabiles
1431 1452 1479 1527 illi
1504 1452 1675 1539 Cuthaei,
1705 1456 1750 1533 in
1778 1480 1903 1560 quorun

577 1486 785 1635 scriberetur
811 1544 983 1654 gratiam,
1011 1575 1120 1652 quam
1151 1551 1200 1626 illi
1227 1573 1384 1723 {uorum
1422 1551 1472 1626 ell
1503 1549 1696 1652 adoptio,
1727 1554 1768 1631 &
1825 1557 1904 1643 lorii,

505 1666 514 1673 “
580 1657 617 1733 &
668 1654 766 1739 ada,
797 1654 833 1728 δι
862 1652 951 1751 legis
977 1650 1208 1734 constitutio,
1297 1649 1431 1733 cultus,
1458 1647 1495 1723 &
1519 1648 1816 1749 prornissiones.
1844 1656 1906 1752 Quo

577 1778 623 1835 au
658 1776 720 1829 ore
743 1752 820 1829 haec
846 1774 866 1826 a
896 1762 932 1826 te
959 1749 1154 1826 dicuntur?
1181 1769 1256 1850 quo
1291 1747 1402 1823 telle?
1427 1746 1497 1825 Pro
1526 1748 1632 1825 Mose
1669 1764 1761 1831 tota
1791 1754 1850 1833 lut
1867 1778 1909 1831 au·

575 1855 730 1954 tiquitas.
784 1849 925 1928 Fateris.
975 1847 1060 1927 Tibi
1093 1858 1214 1923 tamen
1253 1859 1378 1923 contra
1410 1850 1462 1923 ire
1489 1846 1602 1929 lubet.
1658 1848 1736 1929 De
1772 1866 1834 1931 buo
1862 1852 1910 1931 llo

574 1950 769 2029 sacrificulo
807 1948 1029 2026 Samaritano
1062 1943 1210 2024 sortaffls
1245 1959 1327 2022 ante
1362 1958 1398 2023 te
1433 1969 1543 2023 nemo
1579 1970 1767 2049 unquam
1798 1964 1910 2029 morta-

572 2048 665 2127 lium
686 2049 886 2127 somniavit.
936 2044 1047 2125 Hunc
1069 2058 1190 2121 tamen
1211 2056 1251 2121 tu
1273 2041 1369 2122 lllosr
1389 2043 1573 2121 substituis.
1628 2046 1808 2131 ltanein
1824 2050 1912 2127 rebus

572 2147 652 2227 faui
674 2150 808 2249 fingere
828 2146 912 2225 licet
934 2167 1002 2247 pro
1021 2142 1162 2232 lubitu,
1189 2146 1225 2220 &
1251 2142 1431 2246 quidquid
1455 2142 1593 2222 Graecia
1620 2148 1806 2229 mendax
1831 2150 1915 2227 audtl

574 2249 614 2326 in
633 2248 808 2329 historia?
1108 2312 1113 2321 .

625 2343 802 2427 xxix.
828 2346 877 2425 At
897 2346 1005 2422 mitto
1028 2342 1119 2421 illud
1146 2344 1191 2419 de
1216 2341 1430 2419 audoritate.
1482 2342 1576 2439 Quae
1607 2343 1760 2445 species
1792 2346 1915 2425 rationi

574 2443 744 2526 uuiversae
761 2444 846 2521 huic
868 2445 1168 2525 commentationi
1187 2442 1301 2517 inelt?
1328 2441 1408 2517 lmo
1433 2441 1522 2542 quid
1547 2442 1615 2530 est,
1644 2446 1766 2547 quod
1787 2468 1915 2525 nonn-

576 2546 670 2622 tioni
695 2546 799 2619 omni
824 2541 861 2617 &
888 2539 1183 2618 verifimilitudini
1208 2537 1435 2617 adversetur?
1463 2539 1568 2619 Unde
1603 2565 1720 2623 novo
1754 2548 1848 2625 huic
1870 2546 1915 2623 bo·

574 2644 669 2744 mitri
693 2641 913 2720 Samaritano
935 2662 1054 2718 rerum
1080 2634 1397 2742 antiquitumarum
1416 2641 1461 2717 ab
1493 2643 1596 2719 omui
1621 2642 1842 2724 hominum
1863 2668 1914 2724 rut·

575 2743 717 2827 moria,
743 2741 800 2817 uel
833 2741 955 2840 potius
988 2752 1069 2816 ante
1093 2741 1198 2817 natos
1231 2738 1419 2826 homines,
1446 2751 1543 2817 tanta
1574 2756 1737 2844 tamque
1776 2761 1915 2824 ascum

565 2843 778 2942 cognitio?
803 2838 944 2940 qualem
961 2840 1022 2915 vix
1034 2862 1054 2915 a
1067 2838 1230 2916 Samuele
1246 2836 1394 2938 aliquo,
1421 2837 1585 2916 Nathane
1601 2854 1666 2918 aut
1691 2839 1792 2924 Ezra
1815 2845 1917 2946 exim·

578 2940 659 3017 sies
708 2942 766 3018 An
778 2962 858 3016 eam
870 2940 1185 3016 communicarunt
1198 2937 1261 3036 qui
1274 2934 1369 3034 apud
1382 2935 1675 3040 Hierosolymam
1691 2955 1807 3022 erant
1819 2945 1918 3024 Saur-

580 3039 716 3116 dotes?
739 3038 787 3116 At
806 3035 904 3114 unde
933 3040 1019 3116 huic
1041 3060 1088 3113 ex
1113 3031 1244 3135 Assyria
1266 3033 1398 3134 hospiti
1423 3049 1497 3112 tam
1520 3035 1694 3116 familiare
1721 3065 1820 3120 curn
1855 3041 1920 3122 lliu·

581 3137 675 3215 rol'ol
701 3139 842 3214 mitanis
874 3133 1165 3215 commercium?
1198 3131 1245 3214 Et
1273 3156 1352 3236 quae
1382 3131 1543 3212 socordia
1572 3135 1919 3242 Hierosolymitauu

541 3261 555 3286 ³
582 3161 792 3323 incedebat,
817 3247 859 3312 ut
907 3258 996 3312 uum
1017 3233 1062 3310 de
1085 3233 1202 3334 gentis
1232 3231 1300 3309 suae
1322 3231 1464 3311 historia
1489 3233 1673 3314 scribenda
1709 3243 1777 3340 agi
1809 3243 1921 3320 irueli·

609 3347 731 3420 erent,
758 3357 838 3414 non
858 3259 921 3432 is?
944 3335 1066 3433 potius
1093 3355 1243 3408 manum
1268 3337 1370 3432 operi
1397 3333 1653 3423 admouerent,
1683 3361 1809 3440 quarn
1842 3337 1923 3418 uti?

581 3360 804 3514 §emeritano
827 3431 982 3510 sacrilico
1004 3433 1322 3510 committeretur?
1346 3431 1384 3510 Si
1405 3455 1445 3509 ea
1466 3448 1588 3512 mente
1607 3437 1827 3538 composita
1848 3439 1924 3520 sam

581 3533 728 3610 historia
745 3532 813 3620 est,
838 3541 880 3606 ut
898 3531 987 3605 novi
1011 3528 1219 3608 israelitidos
1239 3530 1363 3607 coloni
1382 3529 1426 3606 ab
1449 3529 1571 3610 insano
1596 3534 1815 3616 multorum
1838 3539 1925 3620 Deo·

582 3655 666 3710 rum
698 3632 797 3709 cultu
823 3642 1088 3725 avocarentm3
1123 3627 1294 3729 quorsum
1322 3629 1446 3705 inserta
1479 3633 1616 3712 eitam
1647 3635 1782 3714 exatra
1818 3661 1925 3718 rerum

449 3789 455 3798 .
581 3728 824 3812 Leviticarum
843 3726 1072 3814 constitutio,
1099 3750 1178 3844 quae
1199 3728 1288 3803 nihil
1315 3725 1514 3806 admodum
1537 3730 1582 3808 ad
1605 3731 1790 3814 Cuthaeos
1810 3737 1925 3840 spetb·

582 3830 672 3907 bat?
697 3825 773 3908 Cur
796 3849 874 3904 non
904 3824 1020 3904 brevis
1047 3843 1169 3928 potrus
1197 3825 1381 3924 religionis
1411 3829 1572 3927 epitome
1593 3833 1634 3908 iis
1666 3834 1832 3930 tradita,
1857 3859 1926 3942 qut

583 3925 704 4006 usibus
734 3924 894 4027 ipsorum
925 3925 1043 4004 multo
1076 3921 1191 4004 suisset
1215 3927 1525 4007 convenientior?
1550 3931 1624 4009 Cur
1656 3954 1738 4009 non
1772 3935 1926 4038 ipsorum

581 4023 867 4108 charaoenbusl
892 4021 1052 4126 ipsorum
1069 4037 1165 4104 certe
1187 4023 1209 4099 li
1263 4025 1403 4102 usi-rit
1422 4028 1600 4126 ignoravit
1617 4027 1717 4108 illam
1737 4031 1927 4120 Sacerdos.

585 4124 855 4226 Opraeclarum
875 4127 1049 4225 imperite
1069 4121 1216 4200 multitu
1243 4127 1310 4200 inis
1330 4124 1537 4204 doctorem!
1563 4127 1666 4224 Quid
1697 4135 1829 4232 ergo?
1855 4137 1929 4218 Do·

585 4227 710 4311 cuitne
732 4247 797 4302 eos
814 4247 880 4326 per
897 4222 1151 4326 iuterpretem?
1177 4221 1368 4323 Scripsitne
1397 4236 1437 4301 ut
1465 4248 1531 4326 per
1561 4229 1809 4328 interpretem
1835 4237 1849 4316 l

582 4323 709 4409 retur?
733 4326 792 4405 Au
815 4323 1039 4406 callentiores
1069 4322 1272 4424 linguarum
1303 4322 1464 4424 discipuli
1490 4323 1653 4405 Dodore
1673 4325 1863 4414 suerunt?

586 4447 661 4528 que
681 4423 934 4534 suboluerunt
955 4421 1119 4528 linguam
1134 4419 1408 4532 firmorum,
1435 4444 1550 4526 quum
1571 4423 1644 4532 ipse
1670 4427 1832 4532 ignatus
1851 4431 1929 4516 effer

1837 4531 1932 4638 my.
