4909 5425
748 491 806 564 Du
834 490 1036 565 anrrcr.
1056 488 1202 561 Dmun
1233 487 1403 560 Vonuur.
1433 502 1500 559 rna
1521 492 1707 566 srmone
1858 519 1895 584 rt

537 627 619 784 prro
634 603 724 682 nihil
749 606 991 683 inverecundi.
1044 606 1140 683 Nam
1161 609 1198 682 in
1223 610 1372 691 oriente,
1388 609 1425 683 in
1446 608 1593 695 Graecia,
1610 615 1648 688 in
1662 612 1729 713 ipsa
1744 636 1892 721 quoque

556 705 659 791 talia,
684 706 868 782 nobilibus
884 710 967 780 viris
990 703 1155 781 usitatum
1170 705 1236 779 suit
1250 707 1296 782 ita
1309 705 1565 786 incedere-ue
1580 712 1654 808 ipso
1677 719 1891 794 Neromme·

537 817 662 882 morat
677 813 855 889 Suetonius,
868 802 1115 880 discalceatum
1139 802 1210 879 sere
1228 802 1429 885 ambulasse.
1481 810 1628 901 Deposuit
1646 814 1804 904 cilicium,
1818 813 1889 895 srve

536 903 578 980 id
602 902 782 1002 intelligas
808 902 853 978 de
874 902 964 978 hirta
988 915 1073 1001 toga
1099 903 1310 1002 prophetica
1336 926 1444 1002 quam
1465 906 1606 983 indutui
1638 907 1768 987 habere
1794 935 1885 994 con·

535 1001 731 1095 sueverat,
756 1000 825 1077 srue
857 1001 902 1077 de
929 1002 1030 1100 figno
1063 1003 1173 1076 ludius
1206 1024 1282 1106 qup
1317 1000 1562 1099 deploraverat
1594 1006 1726 1084 tristem
1755 1016 1885 1112 populi

535 1098 715 1180 israelitici
736 1100 888 1177 statum:
912 1100 1066 1175 remotis
1084 1122 1129 1175 ue
1153 1100 1306 1175 vestibus
1331 1104 1592 1190 exterioribus,
1615 1105 1692 1182 solo
1721 1108 1883 1192 interiori

533 1198 670 1276 amruu
691 1200 913 1298 procedebat
937 1191 976 1274 in
996 1126 1196 1297 pulllicum.
1249 1197 1364 1294 Quod
1386 1203 1447 1299 qui
1470 1201 1626 1290 faciunt,
1653 1214 1733 1282 nudi
1755 1211 1883 1288 anrbu.
1933 1211 1944 1228 ““
1979 1293 1983 1300 ¹

532 1297 609 1376 lare
632 1297 814 1375 dicuntur.
864 1297 924 1375 Sic
943 1296 1038 1399 apud
1061 1299 1252 1395 Virgilium:
1276 1299 1396 1372 Nudus
1420 1328 1499 1385 ara,
1518 1305 1589 1393 sere
1617 1308 1732 1380 nudus.
1786 1308 1880 1385 Ger·

533 1417 669 1490 manos
700 1399 797 1471 Mela
818 1400 998 1497 plerumque
1021 1398 1121 1472 nudos
1142 1425 1158 1469 e
1177 1399 1226 1494 offe
1253 1395 1383 1473 scribit.
1433 1396 1686 1499 Interpretatur
1715 1405 1753 1480 id
1784 1416 1878 1483 Tuci.

533 1514 613 1586 tut,
635 1497 744 1592 rejeua
761 1503 839 1592 vose
852 1501 1018 1590 superiore.
1052 1424 1177 1595 ,Apud
1197 1496 1395 1589 Xipbiliuum
1416 1498 1453 1572 in
1465 1502 1736 1595 Pseudantoniuo,
1761 1529 1876 1607 quum

536 1603 650 1684 pupule
668 1593 824 1696 positum
856 1591 961 1680 esset,
985 1593 1142 1698 sequitur
1168 1600 1287 1667 cautim
1314 1603 1463 1669 uteriui.
1513 1596 1555 1675 ln
1586 1602 1738 1680 eandem
1773 1629 1876 1684 men.

539 1704 620 1768 tem
639 1693 874 1793 interpretor,
905 1722 919 1771 1
938 1694 1031 1772 Sam.
1045 1701 1130 1770 anx.
1146 1718 1204 1793 24
1234 1694 1297 1770 ubi
1317 1706 1476 1772 narratur
1495 1695 1637 1794 Saulem
1668 1705 1784 1780 exutis
1812 1727 1874 1782 ve.

537 1787 648 1866 stibus
665 1792 883 1894 prophetico
906 1816 1010 1869 more
1032 1789 1135 1892 egisse
1161 1815 1286 1870 coram
1310 1794 1503 1879 Samuele,
1523 1798 1771 1915 nudatumque
1794 1802 1876 1880 luis-

533 1885 676 1967 setoto
699 1892 758 1967 die
781 1890 867 1978 illo,
893 1905 1041 1992 totaque
1061 1891 1176 1968 noue.
1228 1894 1288 1970 Sic
1311 1894 1348 1969 &
1370 1892 1529 1980 Davidi,
1555 1899 1618 1997 qui
1638 1900 1790 1998 getheus
1810 1926 1875 1980 co-

531 2009 614 2066 ram
640 1987 781 2091 Jehoua
810 1989 975 2082 saltabat,
1000 1991 1195 2090 exprobrat
1227 1989 1377 2091 superba
1407 1991 1566 2080 Michal,
1593 1997 1696 2097 quod
1730 2011 1876 2077 retexerit

522 2089 614 2184 sese,
639 2087 762 2188 positis
781 2087 934 2166 vestibus
952 2091 1079 2190 regiis,
1104 2088 1252 2167 indutus
1270 2104 1391 2167 tamen
1414 2088 1684 2180 srndone,1ante
1699 2102 1875 2195 oculosser.

529 2187 712 2276 wan&
735 2189 920 2265 ancillarum
937 2194 1082 2283 sicarum.
1115 2189 1243 2269 oSam.
1257 2212 1313 2267 v1.
1333 2216 1391 2271 πο.
1416 2190 1488 2273 col.
1507 2215 1593 2270 cum
1614 2194 1699 2275 vers.
1725 2223 1779 2297 14
1829 2198 1876 2279 lit

527 2284 633 2388 apud
665 2285 803 2388 Jobum
840 2287 1057 2388 culpantur,
1095 2290 1159 2387 qui
1190 2292 1281 2384 vestes
1311 2290 1408 2363 nudis
1435 2291 1617 2369 «letrahunt.
1651 2291 1875 2396 Job.xx11.

527 2399 564 2464 ἀ
618 2381 794 2489 Denique
811 2383 958 2465 Petrum
984 2385 1196 2490 piscaturam
1222 2388 1348 2464 nuum
1380 2386 1573 2467 exercuisse
1598 2405 1758 2470 narratur
1786 2394 1870 2498 Jolu

527 2503 619 2564 m.
666 2542 677 2561 .

576 2579 627 2662 V.
640 2509 825 2663 ⁷sufficere
845 2586 966 2694 potuit
993 2584 1166 2684 ejusmodi
1186 2584 1365 2687 depositio
1397 2588 1499 2666 vestis
1527 2588 1713 2668 exterioris
1745 2591 1790 2670 ad
1825 2592 1869 2671 si-
1885 2620 1919 2686 v,

526 2680 773 2785 gnificandam
797 2683 998 2762 nuditatem
1029 2685 1284 2786 AEgyptiorum
1309 2688 1347 2763 &
1370 2686 1608 2787 AEthiopum,
1634 2714 1801 2792 *quacum
1830 2695 1867 2770 in
1872 2699 1914 2780 su
1946 2694 2041 2766 coetu

528 2804 570 2861 ca
616 2784 776 2860 'ritatem
795 2785 833 2860 δι
850 2784 1001 2861 exilium
1031 2785 1246 2884 deportandi
1281 2801 1407 2873 erant,
1434 2789 1517 2887 quia
1542 2790 1662 2864 minus
1695 2793 1734 2866 in
1764 2790 1867 2891 signo
1881 2793 1916 2840 ἀ
1932 2797 1985 2857 Μ

645 2904 730 2959 uam
752 2884 792 2959 iu
810 2905 850 2958 re
869 2878 1059 2983 significata
1082 2907 1146 2982 par
1167 2885 1224 2960 est
1279 2885 1359 2963 lmo
1383 2909 1429 2960 ne
1448 2887 1595 2998 captiuis
1617 2889 1765 2987 quidem
1786 2891 1797 2963 i
1825 2855 1980 3012 srsjssfm
1995 2853 2035 2936 ‘s‘

658 2980 749 3060 anda
783 2979 851 3057 suit
877 2981 1092 3059 omnimoda
1119 2983 1272 3059 nuditas.
1324 2980 1492 3081 Singulos
1520 2982 1658 3082 aliquos
1695 2914 1865 3064 omnilus

526 3098 551 3157 v
605 3079 684 3195 'bus
703 3079 809 3196 suisa
831 3079 962 3157 victore
993 3080 1203 3197 despoliari,
1222 3082 1429 3159 nostrorum
1461 3081 1660 3157 etiamnum
1686 3082 1865 3199 bellorum

526 3178 1348 3366 “tutuslntbobstruitur?
1363 3180 1865 3394 puntentur

526 3300 665 3457 llune
686 3383 835 3475 mentum
851 3377 917 3455 esse
941 3377 1083 3478 populo
1099 3375 1280 3476 Propheta
1292 3389 1439 3477 potuit,
1461 3374 1488 3453 si
1507 3377 1617 3477 longe
1634 3378 1733 3457 aliter
1754 3397 1862 3485 atque

528 3474 635 3571 solet,
651 3477 801 3555 anrittus
822 3478 992 3578 prodiret.
1044 3473 1151 3553 Plane
1164 3471 1305 3553 nudum
1319 3475 1500 3591 conspici,
1522 3499 1600 3552 non
1613 3476 1726 3556 suisset
1749 3506 1860 3569 noto,

526 3577 749 3755 ffiheficae
764 3578 926 3752 pravitati
951 3575 1151 3669 decorum3
1177 3574 1238 3651 sed
1263 3576 1507 3678 propudium,
1533 3574 1570 3651 &
1592 3581 1792 3656 convitium
1810 3578 1861 3657 sa·

528 3766 530 3771 ,
636 3688 761 3755 neutra
778 3677 943 3777 ipudori.
995 3674 1103 3754 Unde
1127 3674 1332 3763 concludo,
1355 3674 1445 3753 nihil
1462 3673 1672 3754 mandatum
1692 3676 1860 3767 euerso,
1910 3730 1913 3735 ·

525 3772 663 3879 phrtae,
715 3773 792 3853 uod
814 3800 892 3852 non
911 3776 1000 3852 salua
1022 3774 1237 3853 verecundia
1258 3787 1396 3875 patrare
1417 3775 1584 3875 potuerit.

571 3873 647 3955 Vl.
675 3799 856 3955 rlaeterum
886 3875 925 3952 id
957 3873 1073 3952 adbuc
1093 3874 1361 3990 expediendum
1380 3873 1512 3970 restat3
1539 3897 1653 3991 quum
1679 3887 1755 3952 tota
1780 3874 1918 3955 haecu·
1938 3884 2038 3981 Cupie

524 3998 579 4055 res
603 3982 774 4076 AEgyptbs
796 3985 991 4053 concernat
1014 3974 1050 4048 δι
1069 3975 1250 4070 AEtbiopes,
1276 3972 1365 4074 quid
1396 3970 1532 4053 necesse
1565 3972 1670 4050 suerit
1695 3960 2024 4074 Prophe-imi

524 4088 600 4181 tam
621 4072 768 4153 nudum
791 4074 972 4151 ambulare
993 4074 1032 4149 in
1060 4075 1196 4168 Judaa,
1220 4074 1322 4171 cujus
1344 4074 1396 4149 rei
1422 4096 1540 4177 neque
1566 4082 1712 4175 AEgypui
1739 4096 1856 4173 neque
1867 4036 2033 4196 ᾖξ’ἕέζξζ

524 4176 682 4273 AErlioper
705 4172 762 4251 uel
786 4195 972 4250 rumorem
998 4168 1145 4249 fortassis
1177 4171 1388 4250 audiverunt
1411 4172 1427 4250 i
1450 4172 1524 4253 Cur
1555 4196 1632 4250 non
1664 4172 1785 4272 potius
1818 4175 2002 4273 inostmum

522 4282 706 4383 Δῃμκιη
721 4272 760 4349 &
777 4275 969 4367 AEtliopiam
990 4268 1133 4358 missus,
1154 4284 1197 4348 ut
1210 4275 1254 4350 iis
1274 4294 1342 4372 pro
1362 4270 1504 4350 ostento
1524 4268 1630 4356 esset,
1654 4270 1784 4371 quibus
1798 4266 2035 4371 εει-ΜΨ

522 4372 699 4457 bmitates
720 4369 796 4450 suar
846 4369 1108 4470 raesrgnilicabat
1155 4369 1394 4473 Respondeo‚
1422 4394 1502 4448 rem
1525 4368 1753 4471 fignificatam
1775 4350 2009 4490 qui-,AEW
2033 4408 2037 4417 ¹

522 4476 606 4561 dem
619 4485 765 4655 ²g'entep
787 4397 865 4552 dgr
891 4466 1074 4575 spectare,
1093 4482 1131 4552 at
1158 4468 1256 4579 ligni¹
1274 4470 1484 4650 utililtzatem,
1512 4480 1705 4575 totumque
1721 4427 2039 4593 ,repetffffl

649 4600 712 4657 aa.
753 4626 763 4650 .
1752 4594 1856 4659 nrum

585 4666 591 4713 ξ
768 4664 793 4705 X
