4909 5425
678 520 736 595 Dr
764 519 1040 594 Aroarorouou
1065 528 1107 587 nr
1135 529 1317 590 nocmno
1337 516 1597 600 iurnrnnnu
1747 542 1807 616 ure

465 634 574 718 Unde
599 645 718 739 patet,
743 658 864 737 neque
893 633 1041 714 Petrum
1065 631 1163 713 luille
1194 633 1441 729 infallibilem,
1490 641 1602 742 uippe
1622 642 1726 739 cujus
1751 644 1824 722 er.'

465 761 523 815 ror
543 759 642 815 nova
661 734 796 813 villone
818 735 1052 832 corrigendus
1067 732 1156 818 fuit,
1181 733 1218 809 ἃ
1236 734 1357 835 priscis
1377 661 1581 823 Chriaianiu
1603 760 1707 830 eam,
1724 763 1806 845 quae
1980 764 1989 775 ’

465 837 616 916 nuncil
669 834 764 911 stolis
782 835 986 911 attribuitur
1007 832 1258 924 infallibilitas‚
1283 831 1381 911 truie
1402 838 1641 937 incognitam.

510 934 604 1014 XX
627 990 637 1008 .
672 932 714 1011 R.
741 942 768 1010 l.
790 932 894 1013 Olim
917 953 1066 1034 quoque
1091 956 1112 1010 a
1136 933 1243 1009 nobis
1268 931 1349 1032 ipsis
1374 933 1599 1013 observatum
1624 937 1697 1023 est,
1723 937 1748 1015 S
1774 937 1807 1015 i·

465 1033 576 1111 ritum
602 1031 770 1110 Santlum
794 1054 873 1109 non
901 1053 1053 1108 omnem
1074 1034 1260 1109 veritatem
1282 1031 1385 1133 limul
1411 1035 1442 1113 Α
1470 1034 1591 1112 ostolis
1611 1037 1711 1113 revel
1756 1060 1806 1131 e;

465 1133 523 1210 led
552 1135 625 1230 ugia
645 1135 682 1206 τὸ
712 1138 863 1228 συμφέρον
902 1130 1199 1227 1001.x11.7.
1230 1146 1406 1232 quatenus
1440 1058 1604 1213 Ecclesiae
1638 1158 1659 1213 e
1687 1136 1696 1155 '
1722 1135 1807 1214 ebat

465 1235 608 1310 utilitas.
659 1229 748 1309 Non
782 1244 903 1307 autem
937 1226 1073 1308 necelle
1107 1243 1180 1307 erat
1207 1230 1403 1331 Apostolos
1437 1232 1532 1311 clare
1565 1257 1689 1335 cogno
1704 1250 1807 1322 cae,

465 1334 569 1432 quod
602 1331 641 1409 dc
673 1329 868 1431 quomodo
902 1326 998 1407 Evan
1026 1328 1138 1407 elium
1164 1331 1333 1430 gentibus
1376 1334 1672 1413 annunciandum
1702 1331 1808 1421 ellet,

464 1446 662 1533 antequam
686 1442 832 1530 tempus
854 1430 888 1504 ei
909 1429 962 1504 rei
1027 1429 1171 1507 ivinitus
1198 1429 1413 1507 destinatum
1439 1429 1643 1511 adreuillet.
1693 1433 1812 1511 Sulle-

464 1527 1187 1727 til‘ittrifflltqltt'istiu
1213 1549 1261 1703 il
1286 1524 1811 1709 ''ills‘uqlllrlll‘llllll

464 1731 591 1906 allabitur
612 1748 698 1804 eum
719 1745 800 1827 quae
821 1739 923 1802 antea
945 1723 992 1800 de
1051 1745 1118 1801 van
1144 1724 1218 1802 elio
1252 1724 1426 1803 docuerat
1453 1706 1611 1805 docuilie
1642 1685 1717 1807 lirae
1751 1731 1810 1808 in.

527 1826 601 1904 'bili
622 1824 761 1928 spiritus
786 1820 976 1903 ailistentia
1029 1831 1073 1899 ii.
1141 1825 1148 1839 '
1194 1848 1233 1900 m
1258 1847 1337 1902 non
1368 1824 1442 1918 est,
1466 1822 1611 1927 Judaeos
1642 1828 1809 1907 Christia-

464 1947 559 2013 nos,
585 1924 624 2002 dc
643 1925 780 2001 viamm
805 1919 878 2002 Dei
903 1921 1019 2000 adhuc
1043 1923 1053 2000 i
1107 1946 1210 2012 aros,
1237 1946 1325 2001 cum
1351 1921 1460 2003 Petro
1488 1922 1592 2025 super
1620 1924 1711 2005 fallo
1742 1927 1808 2005 ali·

491 2046 544 2102 uo
570 2019 749 2124 litigasse:
784 2019 845 2099 led
867 2023 1052 2099 minume
1093 2020 1204 2114 ,hoc
1236 2024 1275 2099 in
1296 2022 1509 2124 exemplum
1531 2024 1621 2101 trahi
1645 2027 1683 2101 in
1707 2037 1807 2107 tanta
1869 2096 1876 2109 .

465 2046 721 2204 zhrillianlsmi
740 2120 843 2208 luoe,
866 2119 1057 2293 pluitquam
1079 2133 1311 2222 compertum
1331 2121 1381 2199 est
1401 2121 1564 2200 inllindu
1582 2123 1732 2222 Spiritus
1753 2124 1806 2202 sa.

464 2222 563 2300 stum
596 2217 694 2299 nulle
725 2220 827 2321 quod
859 2223 871 2294 i
900 2241 913 2292 ι
939 2218 1144 2319 culpabant.
1201 2219 1289 2297 Deo
1316 2219 1394 2321 ipso
1426 2243 1586 2299 errorem
1619 2243 1730 2336 quern
1759 2222 1807 2301 de

464 2319 646 2423 Apostolo
667 2328 911 2433 conceperant
930 2314 1192 2416 redarguente,
1216 2318 1341 2417 ecquis
1367 2320 1400 2395 ei
1421 2319 1729 2421 patrocinabitur?

513 2416 664 2501 XXll.
686 2415 753 2494 Per
790 2431 805 2493 t
827 2416 957 2495 noster.
1007 2412 1200 2514 Interiedis
1222 2417 1324 2495 annis
1347 2415 1507 2521 aliquot,
1532 2441 1611 2497 non
1635 2416 1736 2497 aulus
1756 2419 1807 2499 eil
1824 2428 1995 2501 lomna·

466 2518 593 2603 Petrus
624 2516 737 2597 Antio
784 2517 827 2594 iae
864 2513 981 2618 palam
1015 2514 1174 2606 docere,
1199 2515 1251 2594 fas
1278 2512 1346 2595 effe
1379 2517 1522 2597 homini
1554 2517 1683 2694 pudeo
1713 2518 1807 2601 vesci
1815 2513 1985 2591 strom

469 2642 557 2701 cum
591 2614 813 2720 gentilibus,
851 2614 945 2693 adeo
975 2614 1125 2718 quidem
1158 2628 1201 2694 ut
1231 2614 1289 2695 sua
1323 2614 1386 2696 ista
1419 2616 1560 2697 dilsrmu
1574 2619 1695 2697 atione
1728 2618 1806 2699 aliia
1824 2589 1963 2736 m&

469 2739 618 2896 puoque
645 2713 785 2792 errandi
810 2712 918 2829 fuerit
939 2710 1094 2831 pccalio.
1120 2708 1198 2794 Gal.
1222 2741 1278 2832 ¹¹:
1303 2741 1361 2800 12,
1410 2702 1630 2819 Respondffl
1655 2718 1807 2836 quaem
1894 2709 1933 2828 Ι.

484 2819 580 2903 olet,
616 2834 777 2892 errorem
804 2810 902 2889 fiulle
937 2835 975 2889 m
1010 2807 1128 2905 fauo,
1153 2836 1230 2890 non
1266 2837 1305 2889 m
1340 2815 1526 2908 dodrlna3
1551 2835 1671 2929 neque
1703 2817 1806 2893 aliter

470 2916 612 2994 coados
630 2913 676 2991 ad
719 2909 961 2989 udaizandum
985 2908 1082 2987 luille
1104 2911 1266 2989 infirmos
1289 2911 1568 2991 Christianorum
1594 2911 1659 2988 nrfi
1679 2935 1807 2992 exem.

470 3015 534 3118 plo
567 3017 688 3115 impru
713 3012 798 3087 enti.
848 3015 1002 3088 Auum
1014 3063 1028 3103 ,
1053 3011 1193 3112 inquit,
1219 3013 1303 3086 clare
1329 3011 1401 3085 binc
1423 3018 1606 3096 evincitur,
1631 3011 1807 3108 infallibili.

471 3134 567 3192 auten
604 3111 735 3206 Mutari
749 3109 846 3201 fian
869 3161 882 3198 ,
907 3135 976 3210 qua
1007 3110 1199 3186 attribuitur
1229 3110 1395 3208 Apostoli,
1420 3134 1483 3185 nuru
1519 3117 1575 3207 effe
1599 3111 1806 3190 malitium

470 3216 676 3312 Apostolum.
727 3138 826 3287 flam
859 3207 1125 3302 LDffuuulutiu
1154 3211 1332 3296 Dullrinae,
1355 3236 1462 3297 vau,
1484 3207 1667 3300 utiliu&
1700 3216 1807 3306 iu'ii

470 3341 576 3392 uerum
598 3312 832 3405 circumstantiis
852 3309 1078 3404 prudicnndae,
1100 3305 1215 3399 &per
1244 3334 1342 3410 quarn
1369 3313 1439 3388 ulir'u
1468 3311 1598 3388 errandi
1624 3311 1722 3388 leur
1752 3337 1808 3392 uu·

471 3413 564 3505 ufir,
588 3413 727 3488 huruuua
750 3416 917 3486 intuitur
941 3410 999 3504 est,
1024 3433 1092 3507 quae
1115 3431 1177 3479 nun
1208 3417 1373 3485 conveniat
1396 3412 1432 3485 ris
1464 3437 1540 3512 quus
1568 3437 1654 3488 utura
1673 3414 1806 3508 spiritur

470 3541 586 3616 urgunu
609 3511 718 3590 credui.
768 3414 812 3585 a.
835 3511 891 3601 Ista
912 3533 976 3608 qua
998 3515 1110 3582 Petrus
1131 3505 1283 3584 utebatur
1303 3510 1413 3608 agendi
1436 3518 1518 3585 ratio
1542 3537 1604 3587 nou
1625 3520 1730 3590 uiuus
1750 3521 1805 3588 in·

462 3612 611 3710 fiuuubut
630 3606 802 3712 gentilibus
835 3607 1066 3699 circuncifiuur'u
1097 3604 1290 3700 observanda
1317 3599 1539 3702 neceffiru'teru,
1561 3612 1709 3713 quarufi
1735 3637 1807 3688 euru

469 3712 570 3791 turbu
590 3712 744 3808 ducuiffet.
793 3702 851 3785 Ill.
871 3708 1036 3783 Probabile
1059 3709 1098 3802 est
1129 3713 1259 3784 Petrum
1284 3705 1326 3796 ὁ·
1349 3707 1526 3786 umatum
1553 3711 1711 3809 credidiffe
1738 3712 1806 3806 dis·

462 3811 692 3908 helarianus
721 3808 802 3883 bunc
828 3805 891 3900 fibi
912 3809 966 3906 effe
991 3811 1138 3899 licitauu,
1160 3805 1220 3903 rifi
1240 3809 1331 3885 mula
1350 3812 1426 3904 ipsus
1449 3811 1710 3907 improbarentur
1732 3833 1809 3884 crar-
1905 3823 1910 3832 ’

464 3916 626 4086 βἽαία
659 3907 752 4010 egrffi.
804 3911 911 4008 Atque
946 3914 994 3982 itu
1021 3911 1129 4010 aliqua
1156 3911 1319 4005 aspiratio
1345 3916 1441 3987 etim
1477 3918 1513 3988 iu
1539 3913 1678 3988 dudrina
1709 3933 1807 4008 ugnu-

463 4014 690 4189 soeuXXHL
716 4101 942 4208 Respondeo.
972 4083 1019 4180 Ἰ.
1042 4103 1238 4185 lndubium
1252 4106 1325 4195 est,
1350 4107 1454 4212 quod
1474 4105 1520 4184 ad
1535 4103 1734 4182 dodrinam
1752 4115 1805 4182 at-
1822 4151 1937 4223 xxm

470 4211 583 4295 tinet,
607 4203 753 4285 Petrum
778 4209 815 4281 in
846 4206 921 4282 hoc
951 4203 1027 4305 ipso
1064 4228 1111 4280 ne
1137 4208 1215 4284 otio
1247 4207 1405 4305 ejusdem
1439 4228 1525 4284 cum
1559 4203 1670 4281 Paulo
1706 4200 1805 4284 suille
1823 4237 1973 4302 pm„

468 4307 676 4393 sententiae,
700 4304 750 4383 las
775 4303 906 4383 scilicet
932 4303 1073 4381 homini
1082 4229 1226 4484 Sfirdaeo
1255 4304 1322 4385 elle
1347 4305 1617 4386 familiaritatem
1649 4325 1735 4382 cum
1762 4303 1806 4382 li-
1820 4317 1902 4378 utria
1925 4305 1970 4378 'uu

469 4406 611 4502 delibus
633 4427 679 4480 ex
704 4405 873 4508 gentibus
901 4403 1047 4483 colere.¹
1108 4427 1143 4482 rc
1169 4408 1298 4483 enimi
1326 4407 1359 4485 ie
1377 4403 1525 4483 edotlus
1549 4413 1624 4480 erat
1642 4425 1707 4505 per
1724 4425 1805 4485 ota·
1819 4391 1875 4471 “s
1911 4399 1917 4412 ’
1945 4396 1984 4458 ¹¹·

468 4505 597 4590 culum
631 4501 707 4588 Ad
722 4525 758 4584 x
781 4529 839 4600 19·
859 4525 920 4593 πο.
969 4504 1031 4588 Sic
1062 4503 1236 4586 docuerat
1307 4503 1616 4606 ierosolymitanus
1646 4502 1722 4586 Aa
1739 4526 1803 4586 xr.
1820 4477 1959 4618 m}

1110 4601 1207 4686 lllm
1230 4628 1256 4693 2
1668 4627 1724 4697 12·
1745 4630 1801 4710 17.
1835 4706 1840 4716 ¹
