4909 5425
772 521 837 594 Da
878 520 1151 596 Pnornrrrs
1196 531 1322 587 rnre
1369 518 1543 591 Lrnrac
1781 536 1843 613 ,35-
1917 538 1921 549 .

481 632 679 734 phetarum
712 635 749 712 de
782 636 1041 736 Apostolorum
1078 637 1207 713 humili
1237 636 1356 713 schola
1388 636 1516 714 eruditi
1553 633 1700 730 sumus,
1722 638 1839 735 Moli,

479 749 546 810 aut
573 734 662 812 Deo
684 739 822 835 potius,
850 739 1003 813 narranti
1029 737 1233 823 credimus,
1261 736 1298 811 dc
1318 760 1373 831 per
1385 739 1486 834 fidem
1510 743 1728 838 ineligimus,
1751 766 1836 835 emt

477 831 609 929 padum
623 837 718 932 fusffl
736 837 1005 930 mundumuerbo
1024 846 1109 922 Dei,
1139 856 1178 911 ut
1197 862 1267 936 qua
1283 846 1438 910 cernimus
1452 864 1513 910 nou
1525 839 1593 928 fiat
1617 868 1656 912 ex
1687 851 1838 936 eneretr-

479 934 572 1008 tibus
585 935 685 1029 stitia.
712 934 805 1013 Heb.
821 959 880 1015 x1.
898 960 928 1029 3.
979 933 1099 1036 anue
1126 935 1215 1010 dum
1243 933 1313 1010 fide
1338 934 1601 1033 intelligimus,
1627 959 1776 1016 ornnem
1794 942 1839 1018 ila

481 1031 560 1108 lam
589 1034 747 1133 superbae
769 1033 1003 1134 philosophiae
1026 1040 1262 1124 menstruosae,
1289 1034 1548 1110 &insanientis
1571 1036 1745 1136 sapientiae
1771 1040 1835 1116 de-

480 1129 549 1206 lira
570 1134 778 1218 ratiocinia,
806 1131 946 1208 exalto
976 1132 1206 1234 despicimus,
1232 1131 1415 1217 ridemus,
1444 1133 1656 1210 detestamur
1683 1159 1695 1212 t
1722 1140 1834 1230 certi,

480 1229 669 1306 stultitiam
694 1230 766 1308 Dei
792 1230 1042 1332 sapientiorem
1068 1229 1135 1307 elle
1162 1233 1265 1307 omni
1290 1230 1454 1331 sapientia
1487 1232 1653 1310 humana.
1703 1234 1834 1314 Eidem

481 1326 583 1406 mon
607 1329 787 1406 credimus
800 1377 813 1417 ,
839 1328 940 1432 quod
959 1327 1060 1405 sicuti
1080 1352 1157 1406 non
1179 1343 1324 1415 namra,
1350 1328 1408 1406 sed
1431 1345 1645 1430 peccatum,
1673 1348 1835 1413 mortem

481 1427 629 1503 homini
651 1429 795 1514 intulit,-
821 1432 868 1506 ita
888 1450 965 1502 non
988 1441 1128 1515 natura,
1156 1427 1213 1504 sed
1236 1430 1385 1505 crimina
1431 1435 1545 1506 eneris
1571 1432 1833 1522 hunrani,lror·

481 1525 634 1604 rendam
661 1525 755 1604 hanc
785 1528 935 1626 stragem
969 1528 1154 1603 intulerint
1183 1527 1355 1604 universo.
1405 1454 1558 1605 immisit
1592 1531 1695 1610 Deus
1738 1536 1832 1611 dilu-
1864 1536 1867 1541 ’

482 1626 611 1711 vium,
637 1647 714 1702 non
737 1629 819 1728 quia
839 1637 972 1702 naturae
987 1626 1093 1724 leges
1120 1627 1287 1729 ordoque
1324 1651 1343 1702 a
1372 1625 1404 1700 se
1433 1628 1645 1708 constitutus
1674 1633 1712 1710 id
1743 1647 1833 1714 tune

483 1726 697 1824 exigebant,
723 1724 782 1801 sed
803 1729 885 1828 quia
906 1726 992 1800 vidit
1015 1729 1167 1824 augescere
1183 1729 1340 1802 malitiam
1363 1727 1493 1800 beminis
1521 1737 1553 1802 in
1569 1749 1680 1819 terra,
1702 1734 1742 1822 (5
1762 1762 1830 1808 em.

484 1850 523 1897 ne
540 1830 734 2001 figmengeem
764 1820 984 1925 cogitationum
1015 1828 1117 1902 cerdis
1149 1831 1240 1921 ejus,
1270 1828 1487 1901 tantummodo
1517 1831 1639 1905 malum
1662 1836 1716 1934 effe
1747 1840 1833 1909 omns

485 1943 627 2018 tempore.
713 1946 748 2000 n.
767 1948 823 2004 vr.
847 1951 878 2014 ς.

534 2018 612 2101 ΧΙ.
638 2023 759 2100 Audio
789 2024 937 2125 quidem
970 2024 1041 2109 dici
1063 2025 1114 2100 'ab
1146 2024 1355 2101 hominibus
1388 2028 1529 2118 acutis,
1555 2026 1698 2116 Deum,
1725 2033 1830 2127 euius

483 2143 600 2222 opera
621 2124 742 2199 omnia
760 2127 905 2224 cognita
925 2121 988 2200 srbi
1010 2126 1054 2200 ab
1077 2145 1155 2199 aevo
1181 2124 1283 2208 sunt,
1311 2125 1357 2226 ita
1377 2140 1515 2226 magnae
1536 2129 1709 2204 machinae
1731 2140 1829 2229 pom

484 2222 576 2297 dera
593 2218 743 2308 librasse,
769 2235 810 2299 ut
827 2223 902 2301 duo
927 2223 1004 2300 haec
1028 2225 1065 2297 in
1090 2221 1186 2297 idern
1215 2221 1416 2298 inciderent
1443 2237 1605 2326 tempus,
1631 2228 1828 2309 hominum

483 2317 633 2420 insignis
654 2320 812 2410 malitia,
838 2323 875 2399 de
895 2321 1004 2398 molis
1037 2318 1196 2419 operosae
1220 2322 1334 2397 ruina.
1385 2323 1501 2418 Quod
1526 2339 1652 2402 verum
1676 2327 1830 2427 quidem

483 2419 558 2504 este
584 2418 644 2496 sed
675 2443 752 2497 non
777 2421 935 2498 absolvit
960 2418 1127 2499 Mosaicae
1157 2419 1369 2495 narrationis
1396 2445 1453 2498 em
1477 2421 1586 2499 lralin.
1640 2424 1735 2521 Quae
1758 2428 1829 2504 iure

483 2523 658 2620 pietatem
681 2519 901 2606 hominum,
927 2520 965 2596 de
988 2517 1216 2596 tremendum
1244 2519 1373 2595 mundi
1403 2446 1546 2610 satiem,
1573 2528 1722 2603 nonita
1745 2526 1829 2622 iulre'

484 2620 536 2719 git
556 2629 599 2694 ut
623 2619 831 2696 mortalium
857 2620 1007 2695 crimina
1030 2619 1066 2693 &
1093 2615 1186 2693 lunae
1217 2616 1352 2696 silentia
1385 2620 1503 2734 junsla
1536 2623 1615 2699 sunt
1641 2648 1653 2719 ;
1687 2623 1746 2700 sed
1774 2627 1829 2702 uti

485 2717 597 2795 caussa
619 2721 802 2796 meritoria
824 2741 910 2797 curn
936 2718 1000 2795 suo
1026 2722 1188 2817 jungitur
1224 2715 1368 2795 effestu·
1411 2721 1561 2801 Cetium
1587 2723 1731 2802 interint
1755 2724 1828 2813 eil,

484 2814 634 2906 Deum,
688 2821 724 2894 ui
746 2820 975 2895 constituerat
993 2819 1200 2919 permittere
1223 2830 1265 2894 ut
1287 2818 1481 2895 hominum
1501 2822 1632 2900 malitia
1659 2833 1707 2899 e'o
1735 2833 1829 2899 tenu

482 2933 573 3017 pore
603 2916 650 2995 ad
661 2842 760 2994 (ilud
780 2917 890 3019 usque
912 2917 1104 3019 impietatis
1130 2915 1308 3016 salligium
1334 2905 1581 3004 adscenderet,
1608 2919 1734 3020 &qui
1762 2921 1827 3018 de,

484 3028 643 3095 creverat
662 3013 789 3095 scelera
820 3017 1014 3093 hominum
1044 3016 1228 3093 universali
1253 3013 1391 3092 diluvio
1423 3014 1572 3093 eluere:
1597 3020 1647 3092 ita
1675 3039 1752 3118 quo
1778 3021 1827 3095 ὠ

483 3117 526 3193 ab
550 3117 660 3194 initio
687 3112 901 3194 constituisse
928 3113 1081 3193 universe
1108 3113 1301 3204 ordinem,
1325 3127 1366 3191 ut
1401 3113 1534 3193 eodem
1561 3127 1726 3218 tempore
1746 3041 1827 3194 {tit

483 3211 546 3293 fibi
580 3218 737 3293 materiae
764 3216 809 3293 ad
840 3227 981 3294 tantum
1013 3236 1113 3316 aquae
1146 3213 1259 3299 soret,
1285 3226 1461 3313 quantum
1491 3216 1537 3304 ad
1564 3227 1702 3292 terram
1736 3238 1825 3318 ope.

484 3315 649 3392 riendam
680 3315 932 3416 requirebatur.
996 3316 1044 3391 At
1080 3314 1186 3387 nobis
1226 3312 1473 3405 mortalibus,
1510 3319 1745 3417 quantumvis
1774 3315 1827 3394 m

512 3415 631 3493 ‘entiae
652 3416 827 3515 opinione
855 3428 1087 3514 turgeamus,
1112 3432 1190 3485 non
1214 3409 1353 3514 ideirco
1380 3411 1465 3491 scire
1495 3410 1633 3493 necesse
1662 3414 1733 3503 eli,
1760 3435 1830 3493 un·-

484 3435 528 3602 dd
552 3514 613 3593 illa
638 3535 658 3590 a
685 3536 750 3600 ua,
783 3514 821 3589 δι
875 3536 925 3590 uo
961 3509 1078 3589 modo
1109 3518 1236 3597 mota,
1262 3510 1298 3586 &
1335 3512 1423 3616 quid
1451 3513 1598 3590 tandem
1623 3535 1664 3590 ea
1698 3514 1830 3593 mrum

484 3610 533 3692 fit
593 3613 619 3693 S
706 3615 735 3688 it
766 3538 988 3714 agmine,
1024 3610 1068 3688 ad
1103 3607 1282 3690 Divinum
1315 3622 1446 3688 nutum
1482 3612 1610 3714 praesto
1646 3612 1712 3691 esse
1746 3627 1830 3691 ortl-

483 3717 549 3793 1ιύ,
616 3713 790 3794 Maneant
832 3713 870 3787 in
903 3711 1094 3789 tremendo
1122 3710 1196 3787 hoc
1229 3709 1303 3790 Dei
1338 3709 1510 3810 judicio,
1546 3734 1626 3816 quae
1665 3731 1828 3815 quomo·

484 3810 532 3890 do
560 3812 647 3891 satta
677 3810 745 3888 fint
783 3833 829 3888 ex
865 3826 998 3888 naturae
1032 3810 1161 3889 ordine
1194 3806 1331 3887 edilleri
1360 3814 1524 3890 anobis
1555 3834 1631 3890 non
1668 3807 1822 3914 poliunt

484 3911 684 4015 Quotquot
702 3910 890 3992 Christiani
907 3914 1045 3997 sumus,
1072 3933 1149 3986 non
1169 3911 1328 3987 nominis
1346 3911 1583 4012 prosellione,
1608 3910 1667 3988 sed
1689 3912 1740 3986 rei
1760 3929 1822 3984 ve·

483 4013 602 4102 ritate,
624 4010 730 4090 sacris
761 4013 870 4089 literis
897 4012 1102 4096 credimus,
1131 4009 1171 4084 in
1199 4010 1244 4085 iis
1278 4031 1425 4114 quoque
1452 4035 1612 4118 quorum
1641 4010 1821 4086 renonem

485 4134 637 4194 omnem·
653 4127 736 4189 non
757 4109 835 4188 adse
863 4110 995 4186 uisuur.
1464 4151 1468 4156 -

532 4212 629 4296 Xll.
654 4211 730 4291 sen
748 4212 794 4288 ad
853 4208 1009 4287 oachum
1031 4205 1166 4289 redeo:
1189 4206 1289 4285 unde
1314 4233 1376 4289 me
1393 4208 1499 4290 seculi
1520 4208 1732 4311 protentae
1752 4205 1817 4286 ae·
1832 4218 1996 4387 {Lm

484 4313 696 4418 quantulum
721 4310 926 4391 abduxerat.
977 4307 1010 4387 ls
1084 4330 1158 4386 aea
1187 4305 1275 4386 Deo
1294 4307 1466 4388 didicerat
1487 4307 1547 4426 ‚5⁰⁵
1579 4327 1728 4485 qpoque
1748 4309 1848 4386 aeelv
1950 4392 1955 4405 ⁸

482 4414 649 4534 homines
679 4408 832 4490 fideliter
865 4408 1000 4528 docuit
1091 4431 1149 4485 arn
1177 4430 1274 4524 preco
1301 4414 1427 4525 ,laistida
1447 4408 1523 4485 sort.
1558 4429 1583 4490 2
1629 4379 2006 4541 e⁸·¹‚1·t·{,“;,',’,32”;'“

481 4525 554 4598 im
575 4513 674 4594 tlltm
697 4531 778 4614 qliae
810 4507 857 4589 id
885 4510 1080 4594 mum
1102 4502 1221 4588 Offim
1253 4519 1431 4608 milet,
1455 4501 1684 4613 confisusque
1711 4529 1966 4686 ιῃήςῐῖωα
