4909 5425
702 735 834 838 quenti
857 736 973 812 Lvii.
1000 754 1112 837 atque
1142 735 1272 813 AEtatis
1296 732 1365 813 suae
1389 737 1489 810 XXI.
1522 728 1855 841 &Welsvvoudana
1869 727 2047 836 ‘Ecclesia

702 825 872 941 legitime
905 851 1059 910 vocatus
1093 832 1335 907 WITSIUS
1361 828 1532 925 ejusdem
1558 829 1768 908 Ministerio
1795 846 1963 905 initiatus
1994 826 2048 905 est

704 927 779 1004 Dte
798 925 1057 1101 oslavoHulii.
1106 929 1204 1007 Situs
1225 926 1273 1007 esi
1294 931 1413 1035 Pagus
1432 926 1496 1006 iste
1520 932 1618 1006 inter
1638 923 1853 1005 Enkhusam
1876 927 1917 1003 &
1940 926 2048 1002 Hor·

655 1071 659 1080 ·
703 1048 814 1112 nam,
842 1025 923 1128 pari
957 1050 1018 1101 ere
1040 1023 1260 1114 intervallo,
1286 1024 1656 1129 combinatusqucin
1680 1023 1811 1103 Rebus
1828 1017 2050 1132 Ecclesiasti-

702 1121 757 1197 cis
779 1120 912 1200 alteri,
937 1121 999 1198 cui
1018 1121 1162 1198 Bienne
1183 1123 1332 1216 Wijsent
1362 1147 1507 1202 nomen
1527 1121 1592 1198 111.
1643 1120 1717 1199 Ubi
1738 1114 2048 1214 Qadriennium

704 1219 745 1295 81
773 1212 884 1330 quod
914 1219 1080 1295 excurrit
1105 1243 1195 1295 cum
1213 1216 1361 1298 summa
1387 1217 1557 1310 iuvenilis
1583 1218 1714 1296 Animi
1735 1216 1926 1296 alacritate
1957 1218 2050 1321 Deo

703 1313 868 1393 servivit.
918 1319 1000 1391 Nec
1021 1315 1164 1392 minori
1189 1341 1279 1394 cum
1303 1314 1448 1402 fruslu3
1474 1334 1625 1393 tantum
1656 1315 1759 1393 enim
1782 1311 2050 1417 frequentibus

703 1411 949 1490 catechismis
971 1406 1192 1488 consecutus
1212 1410 1287 1502 est,
1315 1409 1600 1516 prudentissime
1612 1410 1645 1488 se
1667 1407 1943 1513 discipulorum
1962 1433 2052 1510 eap-

705 1507 761 1583 tui
783 1504 1104 1595 accommodans,
1133 1529 1175 1585 ut
1199 1511 1306 1614 pueri
1322 1533 1365 1584 ac
1387 1507 1520 1613 puellae
1546 1508 1703 1611 puberes
1722 1507 2050 1610 impuberesque,
2080 1580 2089 1593 ,

706 1605 773 1704 qui
806 1630 895 1680 cum
931 1603 1103 1705 primum
1132 1605 1223 1684 illuc
1247 1607 1393 1685 veniret
1412 1606 1591 1684 omnium
1613 1629 1742 1681 rerum
1775 1599 1888 1682 rudes
1916 1623 2049 1695 erant,

703 1724 786 1777 non
819 1697 944 1778 modo
964 1695 1011 1777 de
1029 1706 1235 1876 praecipuis
1263 1701 1476 1806 Religionis
1502 1699 1640 1779 nostrat
1658 1699 1854 1803 Capitibus
1877 1698 1964 1810 scite
1989 1729 2050 1782 rc·

705 1793 960 1898 sponderent,
993 1793 1029 1875 se
1078 1801 1118 1876 81
1137 1799 1350 1878 assertiones
1368 1802 1447 1877 suas
1469 1797 1616 1876 idoneis
1636 1799 1835 1901 Scriptura
1856 1795 2051 1879 Testimo-

615 1975 618 1980 ,
704 1893 775 1968 niis
795 1889 1014 1979 firmarent,
1042 1898 1082 1973 &
1101 1896 1333 1974 concionem
1347 1897 1530 2000 integram
1549 1918 1642 1972 cuin
1665 1895 1847 1976 omnibus
1873 1891 2050 1975 111111111-

705 1987 828 2068 ticulis
853 1989 901 2067 de
921 1987 1077 2090 singulis
1096 1992 1322 2095 interrogati
1338 1988 1474 2070 ordine
1493 1989 1697 2080 inferrent,
1723 1990 1772 2073 ad
1790 1997 1988 2073 Parentum
2002 1996 2046 2072 &

704 2084 908 2163 Seniorum
923 2107 1001 2163 tam
1022 2082 1206 2190 gaudium
1224 2113 1343 2190 quam
1365 2087 1559 2166 ruborem.
1607 2084 1738 2180 Unde,
1764 2114 1855 2169 cum
1878 2110 1957 2168 tam
1975 2084 2047 2168 fidi

704 2204 726 2257 a
755 2183 860 2287 tique
887 2180 1044 2262 Pastoris
1066 2180 1165 2262 fama
1192 2185 1263 2263 late
1285 2182 1537 2289 spargeretur,
1571 2189 1821 2266 Wormerana
1843 2189 1881 2266 in
1904 2182 2051 2265 eodem

740 2278 876 2357 orealis
890 2276 1104 2358 Hollandiae
1125 2281 1245 2360 trassu
1266 2281 1445 2366 Ecclesia,
1470 2282 1550 2361 satis
1571 2282 1774 2362 numerosa
1793 2281 2051 2373 &celebrata

705 2372 770 2456 scd
796 2374 969 2456 moribus
1002 2375 1182 2455 intestinis
1210 2380 1375 2457 nimium
1400 2399 1490 2456 tunc
1516 2376 1694 2461 turbata,
1730 2406 1811 2459 non
1840 2383 1988 2492 putavit
2013 2378 2069 2461 sc'

468 2486 473 2495 '
554 2508 569 2552 ·,
706 2497 939 2583 quemquam
979 2498 1020 2551 re
1049 2495 1222 2553 erturum
1255 2476 1406 2554 Ducem
1436 2474 1555 2552 alium
1593 2473 1873 2584 componendis
1899 2477 2054 2557 Litibus

706 2593 918 2671 ammisque
937 2566 1005 2648 aedi
1035 2566 1163 2681 caudis
1182 2572 1304 2682 magis
1330 2567 1527 2679 idoneum.
1576 2574 1621 2648 Et
1641 2573 2052 2684 paruitwll'SlUS

707 2690 789 2744 non
814 2685 963 2745 tantum
979 2664 1089 2765 huius
1105 2686 1319 2746 vocationi,
1345 2663 1393 2744 ad
1419 2663 1585 2763 eiusdem
1602 2666 1853 2749 Ministerium
1872 2666 2056 2754 transiens

632 2827 635 2844 .
706 2760 835 2842 Mense
855 2760 1017 2845 Ostobri
1037 2765 1134 2842 Anni
1147 2761 1367 2843 MDCLXl.
1394 2763 1608 2842 11118111111
1630 2763 1935 2863 Quadrieiiniuni
1959 2793 2056 2850 cum

708 2859 884 2939 Semestri
909 2891 978 2942 exe
1007 2866 1063 2953 it,
1100 2856 1149 2938 ad
1179 2885 1314 2966 pacem
1340 2859 1592 2939 Christianam
1612 2865 1651 2940 81
1671 2886 1925 2942 communem
1948 2865 2056 2945 Salu-

707 2961 941 3038 tem-omnia
982 2986 1016 3039 ic
1036 2986 1126 3039 com
1158 2983 1298 3038 oneris,
1333 2978 1376 3034 ut
1397 2956 1444 3035 ab
1467 2957 1649 3035 omnibus
1667 2984 1842 3065 peraeque
1860 2984 2055 3042 amaretur

707 3051 804 3156 ipse,
830 3054 1077 3165 frudumque
1096 2981 1237 3135 laboris
1259 3052 1311 3133 sui
1330 3050 1604 3167 amplissimum
1618 3057 1657 3131 in
1677 3055 1722 3133 iis
1742 3077 1923 3135 cerneret.
1950 3063 2057 3156 Qua-

707 3172 867 3259 propter
885 3179 1020 3262 neque
1033 3149 1154 3255 passus
1173 3148 1226 3260 est
1246 3148 1281 3230 se
1301 3147 1349 3229 ab
1374 3177 1417 3230 iis
1438 3148 1597 3229 abstrahi
1609 3175 1687 3261 'per
1715 3150 2054 3266 Slusa-Flatidros,

707 3245 2057 3457 11111111111111111111111.111111111111111111111

708 3435 887 3549 quissime
924 3437 1172 3519 Ecclesiarum
1207 3440 1450 3543 quarundam
1492 3436 1830 3553 splendissimarum
1863 3439 2054 3528 declarata

709 3532 877 3625 Consilia
899 3532 947 3616 de
964 3538 1060 3617 Viro
1081 3560 1159 3616 tam
1186 3539 1350 3641 Egregio
1369 3540 1406 3616 81
1428 3539 1520 3618 Utili
1532 3533 1581 3616 ad
1601 3538 1636 3616 se
1659 3533 1859 3625 vocando;
1886 3537 2057 3625 successit

707 3634 877 3721 Goesanis
893 3631 997 3737 apud
1018 3631 1203 3715 Zelandos
1219 3631 1387 3743 ejusdem
1407 3637 1585 3743 Vocatio.
1612 3632 1807 3744 Quorsum
1824 3660 1918 3748 curn
1936 3659 2059 3720 trans-

709 3733 805 3820 iisset
832 3732 931 3810 circa
950 3728 1190 3810 Pentecosten
1207 3735 1310 3809 Anni
1329 3730 1467 3809 vai.
1492 3754 1542 3811 ita
1563 3731 1778 3820 Doetrma,
1817 3733 1994 3816 moribus
2017 3742 2058 3816 &

710 3827 891 3915 industria
908 3826 1049 3942 placuit
1064 3825 1272 3932 omnibus,
1300 3846 1342 3905 ut
1362 3831 1400 3905 &
1420 3826 1553 3931 ipsein
1571 3821 1836 3920 jucundissima
1851 3853 1943 3932 pace
1961 3858 2058 3914 cuin

710 3928 867 4012 eruditis
887 3926 1015 4029 piis&
1036 3918 1324 4026 vigilantissimis
1343 3922 1453 4001 Colle
1481 3927 1532 4015 is,
1558 3948 1729 4031 quorum
1743 3923 1854 4003 binos
1869 3946 1913 4003 ut
1930 3949 2059 4033 patres

711 4021 1031 4109 venerabatur&
1057 4022 1215 4125 tertium
1244 4021 1434 4113 juniorem
1493 4024 1579 4103 atris
1602 4020 1783 4124 diligebat
1808 4018 1925 4112 loco,
1959 4052 2058 4107 con.

710 4122 875 4204 corditer
888 4118 968 4199 illic
979 4120 1144 4226 viveret,
1170 4115 1262 4230 l'aepe
1283 4113 1372 4195 dein
1398 4117 1630 4231 protestatus·
1643 4116 1795 4196 nullum
1819 4118 1890 4202 fibi
1916 4122 1956 4199 in
1976 4143 2061 4209 tota

614 4293 617 4301 ,
712 4220 792 4299 vita
820 4241 965 4322 tempus
989 4211 1227 4320 tranquillius
1255 4216 1295 4294 81
1314 4209 1460 4297 dulcius
1488 4212 1715 4320 contigisse,
1747 4218 1789 4294 &
1818 4219 1903 4323 plus
1936 4221 2057 4305 semel

714 4336 807 4393 tunc
828 4336 964 4418 optans
990 4314 1030 4392 in
1049 4307 1203 4422 placido
1220 4307 1293 4389 islo
1317 4333 1436 4425 portu
1457 4309 1734 4424 consenescere·
1785 4313 1858 4396 Sed
1876 4319 1954 4399 hoc
1973 4345 2060 4407 non

714 4403 878 4498 neuun
895 4409 979 4494 fieri
1001 4404 1301 4494 Leovardieuscs
1320 4406 1515 4505 instilla,
1548 4433 1617 4511 qui
1638 4404 1690 4491 ad
1713 4409 1824 4496 istam
1839 4418 1965 4519 geritis
1986 4419 2061 4501 suat

1913 4516 2064 4602 Metro·
