4909 5425
607 539 628 589 ο
1059 515 1242 590 Luni.
1293 517 1510 592 canl(

609 634 712 712 tione
729 625 926 733 potuisset,
954 630 1055 731 quod
1076 653 1154 707 non
1175 653 1361 708 vereamur
1380 630 1522 723 solum,
1546 631 1606 709 sed
1628 633 1667 709 &
1693 646 1806 732 certo
1831 661 1956 739 praeno·

612 736 749 817 timus,
775 731 935 806 futurum
958 726 1025 804 effe
1046 742 1087 805 ut
1108 730 1218 831 longe
1235 730 1324 806 infra
1341 733 1496 806 materia
1515 733 1786 832 praestantiani‚
1815 739 1956 816 temler-

613 855 679 910 mo
701 831 842 916 noller,
869 852 978 932 quam
1008 830 1247 928 cogitationes
1273 828 1497 906 sublideant:
1536 844 1572 907 at
1597 855 1643 908 ue
1669 834 1895 936 indignetur
1910 839 1958 915 ali·

642 931 762 1008 uando
783 929 914 1016 leilot,
939 927 1002 1002 ubi
1021 950 1131 1028 quam
1150 929 1316 1029 praeclara
1332 928 1440 1004 nobis
1467 929 1545 1006 dice
1599 932 1611 1005 i
1630 949 1861 1032 argumenta
1880 936 1957 1016 lum

609 957 759 1125 ierimus
787 1026 1083 1130 deprehenderit,
1110 1049 1188 1103 non
1209 1050 1250 1103 ea
1275 1025 1294 1103 l
1320 1028 1426 1103 nobis
1455 1028 1606 1129 proferri
1626 1053 1709 1132 quae
1736 1049 1839 1112 voto
1867 1035 1956 1137 ipius

615 1143 721 1232 atque
748 1128 813 1205 exi
833 1124 998 1204 edationi
1028 1124 1248 1203 satisfaciunt.
1299 1127 1468 1204 Attamen
1501 1130 1706 1207 annitemur
1741 1132 1901 1222 sedulo,
1922 1158 1958 1211 ut

613 1229 703 1308 nihil
712 1153 864 1401 degilfe,
890 1237 950 1301 aut
973 1223 1096 1302 frustra
1120 1225 1227 1300 nobis
1254 1223 1290 1300 &
1316 1223 1437 1301 letiori
1461 1228 1651 1327 negotium
1674 1230 1757 1309 hoc
1786 1232 1957 1312 faceffivil

616 1329 649 1405 se
675 1329 709 1402 vi
737 1349 867 1402 eamur.

433 1456 476 1524 11.
496 1461 580 1524 wip,
665 1425 715 1503 ll.
742 1429 946 1525 Antequam
964 1444 1052 1509 vero
1069 1421 1113 1498 ad
1128 1451 1194 1498 rem
1207 1423 1446 1516 accedamus,
1470 1426 1645 1504 nonnulla
1665 1429 1711 1506 de
1730 1434 1868 1509 vocibus
1886 1457 1958 1535 pre·

434 1537 586 1618 estcritica
618 1523 800 1600 monenda
823 1522 922 1609 sunt,
949 1523 1079 1622 quibus
1105 1522 1211 1599 Sacer
1231 1519 1307 1600 Dei
1333 1524 1482 1623 Spiritus
1501 1527 1539 1599 in
1558 1524 1632 1602 hoc
1655 1534 1821 1627 negotio
1849 1539 1958 1610 utitur.

435 1615 593 1708 vocumob.
617 1619 662 1700 Et
679 1624 841 1721 quamvis
860 1624 980 1697 critica
1002 1620 1137 1706 solum,
1164 1633 1270 1721 atque
1284 1619 1421 1698 idcirco
1437 1623 1577 1707 sterilis,
1597 1623 1806 1706 differtatio
1822 1633 1888 1708 ista
1925 1635 1960 1708 ri.

426 1689 562 1770 savaria.
617 1745 677 1797 ma
694 1720 811 1795 fronte
834 1720 946 1796 videri
966 1731 1095 1818 queat,
1121 1718 1347 1795 absterrendo
1371 1725 1485 1820 magis
1506 1744 1616 1822 quarn
1636 1723 1846 1804 alliciendo
1862 1658 1960 1807 lego·

617 1821 648 1894 ri
668 1820 823 1913 idonea;
850 1820 1011 1919 polliceri
1036 1829 1156 1893 tamen
1181 1816 1315 1903 ausim,
1341 1818 1457 1896 modo
1477 1843 1523 1895 ne
1547 1825 1723 1921 praecipiti
1743 1828 1863 1904 taedio
1883 1853 1962 1930 prat·

619 1918 792 2018 occupari
811 1919 844 1993 se
863 1919 1034 2017 patiatur,
1062 1940 1126 2014 per
1145 1916 1207 1991 has
1234 1917 1322 2015 ipsas
1344 1919 1481 1994 criticas
1507 1919 1781 2000 observationes
1805 1926 1961 2008 futurum

620 2014 686 2092 ess'e
706 2029 748 2092 ut
768 2019 805 2092 in
825 2016 1019 2093 multarum
1045 2012 1243 2092 difficilium
1271 2016 1526 2117 pericoparum
1549 2020 1837 2121 intelligentiam
1856 2025 1959 2104 dedu-

619 2114 716 2191 tium
739 2116 772 2193 se
800 2116 1008 2215 comperiat

438 2249 495 2312 111.
513 2251 591 2314 pp„
631 2283 635 2293 .
669 2214 744 2292 lll.
770 2215 877 2292 lnitio
894 2217 1015 2315 itaque
1032 2215 1190 2290 occurrit
1207 2235 1283 2290 vox
1300 2236 1372 2298 >am
1393 2214 1539 2301 Nnur,
1565 2240 1645 2318 quae
1658 2219 1697 2295 in
1709 2224 1962 2303 Abrahauihi,

438 2341 520 2392 notar
535 2313 723 2392 amustoria
748 2316 868 2414 primo
894 2314 1063 2388 omnium
1084 2313 1278 2412 usurpatur,
1296 2311 1388 2392 Gen.
1401 2337 1461 2389 xx.
1477 2340 1511 2410 7.
1531 2318 1595 2392 ubi
1607 2320 1902 2402 Abimelechum
1915 2349 1961 2402 ro·

438 2426 506 2471 “tm
519 2413 584 2473 Dea.
619 2438 728 2514 gem,
756 2414 805 2488 ob
834 2412 925 2490 Sarae
949 2424 1091 2511 raptum
1115 2415 1193 2486 incr
1241 2414 1356 2498 itum,
1381 2414 1483 2508 iubet
1502 2412 1606 2492 Deus
1633 2441 1713 2495 eam
1744 2425 1889 2500 marito
1908 2424 1961 2501 suo

619 2513 825 2592 Abrahamo
849 2511 1057 2594 restituere,
1084 2509 1152 2586 hac
1178 2534 1197 2586 a
1225 2511 1299 2587 dita
1327 2514 1489 2598 ratione,
1522 2538 1605 2610 mo:
1619 2510 1725 2601 lium
1741 2542 1807 2602 mn
1822 2542 1960 2610 κων),

616 2622 693 2731 quia
715 2613 862 2707 Propheta
881 2614 938 2706 est,
965 2607 1005 2696 &t
1022 2609 1126 2682 orabit
1147 2630 1203 2704 pro
1226 2629 1267 2685 te.
1321 2610 1410 2688 Satis
1441 2624 1587 2712 apparet
1611 2631 1676 2708 per
1698 2632 1774 2694 nm
1796 2633 1894 2690 eum
1911 2617 1962 2698 hic

614 2710 792 2811 intelligi,
819 2710 883 2811 qui
902 2709 1031 2784 summi
1043 2718 1182 2785 numinis
1193 2721 1316 2786 amicus
1333 2724 1440 2812 atque
1455 2713 1628 2808 firmiliani
1646 2706 1696 2784 est
1707 2717 1729 2793 ,“
1746 2715 1860 2808 cujus
1876 2717 1962 2816 inju.

614 2812 683 2889 rias
699 2817 843 2895 ornnes,
871 2805 965 2909 quasi
978 2805 1040 2883 fibi
1058 2809 1330 2909 propemodum
1350 2808 1474 2896 latias,
1500 2810 1544 2886 ad
1561 2809 1723 2885 animum
1737 2805 1851 2887 suum
1865 2812 1961 2898 Deus

614 2923 781 2994 revocat,
809 2931 928 3009 neque
947 2910 1140 3008 impunitas
1159 2909 1327 2994 dimittit,
1354 2906 1418 2983 nisi
1438 2911 1514 3007 ipio
1533 2910 1595 3011 qui
1609 2906 1704 2982 laesus
1727 2907 1795 2992 est,
1825 2916 1962 3017 quique

540 3027 545 3033 ’
614 3009 815 3111 plurimum
843 3007 1019 3106 precibus'
1043 3005 1110 3082 suis
1142 3008 1258 3093 valet,
1291 3006 1547 3089 intercedente.
1594 3005 1683 3083 Non
1704 3003 1872 3086 dubium
1894 3017 1961 3106 est,

615 3110 705 3207 quin
724 3107 797 3185 huc
817 3106 968 3182 alluserit
987 3104 1128 3192 Psaltes,
1155 3104 1302 3207 quando
1329 3104 1454 3181 eadem
1475 3118 1598 3183 mente
1616 3103 1841 3184 Patriarchas
1860 3136 1962 3196 munt

614 3207 800 3285 vocitavit.
817 3205 866 3283 Ps.
888 3223 940 3280 cv.
961 3229 1015 3301 14
1036 3229 1090 3300 15.
1112 3214 1189 3284 Non
1197 3206 1278 3298 fivit
1297 3214 1446 3307 cuiquam
1462 3207 1527 3281 idos
1538 3211 1656 3302 injuria
1676 3203 1820 3293 afficere,
1851 3208 1962 3296 &m

612 3311 686 3403 guit
707 3306 798 3397 super
819 3304 884 3398 ipfis
905 3312 1006 3401 luges.
1060 3313 1112 3378 Ne
1137 3309 1300 3405 attingatis
1327 3307 1438 3381 Undis
1458 3333 1557 3392 meos,
1584 3302 1794 3396 &Prophetis
1823 3312 1903 3383 meai
1927 3335 1963 3382 m

620 3404 832 3499 malefaciant.
880 3401 1051 3478 Notabile
1071 3404 1139 3488 est,
1155 3426 1217 3480 eos
1233 3406 1270 3479 dc
1293 3409 1412 3483 vallos
1424 3413 1508 3496 Dei,
1532 3407 1568 3480 &
1581 3404 1749 3497 Prophetas
1762 3401 1851 3499 dici.
1897 3416 1963 3482 Ua·

620 3503 701 3592 iios,
714 3524 791 3577 non
807 3502 932 3600 utique
947 3522 1126 3601 corporeo
1139 3501 1261 3604 aliquo
1281 3506 1388 3590 oleo,
1413 3526 1487 3602 quo
1501 3503 1689 3580 serioribus
1708 3507 1964 3600 temporibus,

619 3600 813 3677 mandante
836 3597 948 3685 DeO,
974 3596 1125 3679 delibuti
1138 3604 1466 3704 Sacerdotes&lieges
1479 3603 1581 3696 sunt3
1608 3603 1670 3703 qui
1694 3597 1838 3678 idcirco
1870 3609 1964 3681 vn&

618 3707 754 3780 Domini
766 3698 1011 3813 appellantur:
1036 3724 1224 3804 nunquam
1239 3705 1338 3779 enim
1352 3702 1422 3778 tale
1436 3701 1524 3801 quid
1539 3701 1769 3783 abrahamo,
1796 3715 1866 3778 aut
1875 3703 1962 3792 lilio,

619 3813 682 3879 aut
695 3811 844 3898 nepoti,
869 3798 998 3876 latium
1012 3797 1078 3877 ell'e
1091 3801 1254 3899 legimus.
1305 3799 1440 3877 Undos
1453 3815 1572 3877 tamen
1586 3798 1713 3898 infigni
1731 3795 1961 3881 Divinaebo-

618 3900 738 3977 nitatis
753 3898 918 3983 indultu,
947 3922 1017 4001 qua
1031 3899 1156 3975 charos
1170 3921 1233 3974 eos
1248 3911 1353 4000 atque
1376 3902 1529 3976 eximios
1544 3898 1606 3975 irbi
1619 3899 1763 3982 habuit,
1792 3919 1839 3976 ac
1862 3900 1962 3979 favo-

619 4003 667 4078 ris
682 3998 731 4074 sui
746 3998 929 4097 opulentia
944 3996 1184 4095 locupletavit
1236 3996 1280 4077 Et
1293 4001 1479 4096 Prophetas,
1504 4000 1541 4075 id
1556 4000 1604 4076 est
1617 4001 1743 4074 intima
1766 3992 1833 4071 fibi
1858 4000 1962 4077 fami·

618 4098 768 4175 liaritate
782 4096 944 4193 juntlos:
972 4095 1020 4172 fic
1033 4107 1074 4191 ut
1095 4119 1143 4171 ne
1155 4096 1208 4175 Re
1236 4100 1313 4175 ibus
1328 4100 1476 4202 quidem
1500 4101 1648 4199 impune
1661 4096 1824 4173 futurum
1839 4098 1884 4175 fit
1909 4113 1961 4177 te·

612 4220 720 4296 ⁴mere
735 4221 798 4278 eos
814 4193 1151 4299 quomodocunque
1164 4122 1301 4275 raeiere.
1353 4198 1440 4277 Hoc
1452 4199 1551 4278 enim
1563 4200 1743 4272 Abrabam
1757 4193 1889 4275 datum
1900 4200 1958 4286 est,

621 4299 684 4394 qui
711 4300 849 4398 primus
862 4295 911 4370 est
933 4295 1101 4370 omnium
1114 4299 1323 4374 mortalium
1350 4321 1459 4397 quern
1477 4300 1630 4391 Propheta
1641 4297 1792 4373 nomine
1806 4295 1961 4377 decora·

619 4403 701 4469 tum
715 4394 781 4471 elle
795 4395 971 4495 legimus,
998 4404 1039 4470 ut
1052 4392 1182 4472 dixerit
1202 4395 1266 4497 ipli
1289 4397 1415 4482 Deus,
1439 4398 1616 4473 benedicam
1641 4399 1678 4470 iai
1697 4405 1754 4495 qua·
1777 4395 1960 4474 benedicent

620 4491 703 4578 tibi,
731 4493 1074 4593 &quietudinem
1097 4493 1159 4571 tibi
1180 4523 1252 4573 euru
1273 4497 1455 4592 exficrabor.
1486 4496 1579 4577 Gen.
1591 4516 1657 4572 xu.
1685 4521 1717 4595 3.
1766 4491 1960 4609 Halpemus

1833 4605 1959 4698 utaque
