4909 5425
698 488 775 581 656
1114 472 1219 552 er.
1245 470 1323 548 IV.
1375 468 1489 551 Cre.
1513 466 1586 552 IX.

702 609 796 686 nilus
817 603 966 683 remediis
976 607 1060 701 apud
1077 608 1265 681 Matrinum
1290 600 1330 688 ὠ
1352 604 1504 694 sellariis
1520 603 1603 679 nihil
1618 599 1828 696 proficitur,
1867 600 1909 671 ad
1936 590 2034 695 ebert,

697 714 828 812 ferrum
840 712 881 783 (a
890 706 1000 799 focum
1015 758 1027 792 ‚
1043 711 1236 785 deveniam
1262 707 1404 781 membra
1420 705 1589 801 ptaridaa
1614 705 1740 801 reliquo
1760 722 1899 799 corpore
1912 696 2034 787 resecent,

701 812 786 913 ficut
801 811 904 884 multo
918 828 993 877 ante
1003 812 1159 895 Dotatae,
1179 807 1342 894 Abiria,
1354 812 1508 892 Arana,
1526 810 1664 905 saphira
1676 857 1689 894 ,
1701 806 1932 898 Joviuiano,
1950 797 2030 883 &Vi-

705 916 843 1016 gilantio
857 907 984 1003 fitllum
999 908 1060 996 dt,
1082 914 1159 985 &a
1177 908 1354 1002 majoribus
1369 910 1433 999 suis
1448 912 1603 1003 Jolanne
1623 908 1732 1004 Huffir
1750 910 1802 983 (φ
1830 910 2025 993 Hiertam

713 1026 823 1112 Praga
834 1008 1106 1184 ὶηῗοηβαηιίιηβ
1124 1010 1279 1087 Concilio:
1301 1034 1439 1113 quorum
1449 1014 1593 1111 exempla
1609 1036 1671 1096 ,te
1684 1008 1767 1104 jam
1782 998 2024 1107 deploralnlplss

714 1118 858 1195 emulari
893 1129 994 1188 creat·

526 1210 598 1307 ΧΨ
617 1201 703 1269 m
816 1212 900 1289 Xll.
926 1216 969 1285 ln
981 1238 1026 1287 eo
1045 1239 1161 1293 rerum
1175 1212 1282 1307 statu,
1298 1213 1384 1317 quid
1399 1211 1729 1290 faciendumuostris
1742 1232 1827 1287 erat
1851 1198 2036 1301 majoribusl

519 1284 706 1451 fffflg
718 1319 862 1395 Manere
878 1314 917 1387 in
930 1314 1091 1392 Ecclefiae
1105 1322 1280 1396 Romanae
1295 1316 1552 1393 communione
1561 1340 1632 1387 non
1647 1334 1829 1411 poterant
1842 1363 1856 1399 ,
1880 1336 1921 1383 ea
1939 1308 2040 1477 lew

528 1462 708 1515 urmat-
719 1412 1048 1531 veritatibuquuas
1060 1444 1103 1491 ex
1121 1422 1188 1495 Dei
1203 1419 1307 1520 ipsius
1322 1417 1436 1493 verbo
1465 1417 1497 1489 se
1513 1412 1661 1488 didicisse
1686 1415 1854 1489 firmiter
1869 1408 1966 1484 crede
2023 1424 2041 1487 t

529 1534 616 1595 mone
642 1517 895 1607 ptr-nuncium
908 1533 1099 1595 mitterent.
1146 1522 1231 1595 Huc
1241 1522 1335 1594 enim
1349 1538 1420 1593 erat
1432 1516 1683 1594 conscientiam
1693 1513 1857 1615 prodere
1896 1561 1910 1598 ,
1949 1508 2042 1581 Deum

415 1688 420 1697 .
520 1608 672 1694 [ΝΜ
719 1614 1151 1717 postponerehominibut,
1168 1621 1366 1696 thesaurum
1377 1618 1554 1717 Evangelii
1570 1614 1721 1687 vendere
1739 1604 2043 1689 commoditatibus

530 1683 708 1833 {ffb-“L
723 1714 853 1801 seculi,
869 1713 1017 1813 denique
1030 1745 1115 1792 cum
1124 1722 1252 1795 animae
1270 1721 1337 1795 suae
1352 1718 1456 1792 salute
1474 1715 1667 1816 petulanter
1691 1714 1833 1788 ludere.
1890 1711 1935 1784 rit
1956 1724 2044 1801 nequt

531 1859 708 1927 trunam,
725 1816 948 1916 permittebat
961 1815 1040 1915 iplis
1055 1822 1219 1895 Romana
1231 1816 1378 1895 Ecclesia
1393 1878 1403 1909 ‚
1417 1839 1456 1892 ut
1478 1820 1513 1890 iu
1526 1818 1797 1892 communione
1809 1807 2045 1917 ipfiusmantu·

521 1926 679 2009 fiarent,
725 1936 796 2004 tet,
813 1918 995 1995 veritatem
1009 1920 1276 2017 profiterentur:
1292 1919 1348 1992 sed
1365 1916 1463 2015 quod
1478 1918 1525 1990 illi
1540 1942 1607 2017 pro
1623 1918 1778 1989 veritate
1798 1910 1966 1988 colebant
1987 1957 1997 1990 r
2019 1898 2046 1973 ’ἃ

531 2008 701 2093 mmm·
723 2014 962 2093 Romanenses
974 2036 1143 2117 tanquam
1158 2019 1366 2092 detestabiles
1383 2017 1522 2091 haereses
1532 2012 1917 2101 exsecrabantur,lerto
1932 2006 2047 2081 &dam-

722 2142 784 2193 ma
800 2116 1028 2214 extirpandas.
1077 2121 1167 2192 Non
1183 2119 1310 2193 licebat
1323 2124 1427 2193 etiam
1449 2114 1643 2192 tacentibus
1659 2117 1792 2188 animo
1809 2136 1961 2213 premere
1977 2125 2047 2201 qua

723 2216 942 2304 sentiebant,
966 2217 1248 2292 servatainterim
1264 2216 1520 2293 communione
1543 2236 1682 2288 externa
1713 2217 1755 2286 in
1781 2217 1884 2289 cultu
1898 2208 2046 2310 publico:

723 2340 810 2395 nam
830 2317 883 2389 uti
900 2317 1007 2392 corde
1022 2318 1171 2393 creditur
1185 2318 1227 2392 ad
1241 2319 1404 2413 justitiam
1420 2370 1431 2404 ,
1458 2320 1504 2390 ita
1527 2343 1587 2388 ore
1603 2312 1778 2416 profeffio
1795 2312 1955 2386 facienda
1967 2308 2004 2379 etl
2016 2300 2046 2375 al

725 2419 884 2492 salutem.
934 2420 979 2491 Et
996 2445 1065 2517 qua
1082 2419 1372 2516 quaesoratione,
1391 2444 1459 2515 qua
1474 2416 1682 2490 conscientia
1692 2468 1704 2501 ,
1727 2412 1847 2488 miffae
1864 2413 2048 2487 sacrisinter·

726 2516 791 2591 elle
808 2536 989 2614 poterant,
1004 2518 1066 2614 qui
1075 2544 1153 2590 eam
1163 2518 1446 2606 confiderabant,
1460 2544 1534 2589 non
1546 2542 1668 2615 quaeto
1680 2542 1785 2590 nunc
1807 2542 1890 2613 quo
1905 2516 1976 2607 jure
1995 2568 2004 2599 ,
2024 2524 2048 2575 εἰ

728 2614 994 2691 considerabant
1009 2636 1149 2703 tamen,
1190 2620 1243 2691 uti
1261 2618 1529 2718 abnegationem
1551 2616 1645 2689 uniti
1660 2614 1827 2691 sacrificii
1851 2613 1994 2695 Christi,
2026 2607 2049 2677 ἃ

729 2714 940 2791 horrendam
953 2716 1217 2791 idololatriam?
1238 2716 1317 2792 Etfi
1332 2720 1388 2791 vel
1404 2718 1555 2792 maxime
1572 2738 1683 2790 tacere
1697 2715 1917 2806 voluissent,
1943 2707 2050 2786 uonli·

729 2815 832 2893 cebat
845 2815 881 2888 id
896 2812 997 2914 ipsis,
1013 2816 1133 2889 multis
1151 2837 1241 2890 certe
1258 2819 1293 2891 in
1308 2820 1395 2893 locis
1409 2871 1420 2906 ,
1434 2844 1494 2917 per
1509 2817 1780 2915 lnquilltionem
1795 2868 1810 2904 ,
1840 2841 1986 2891 arcanos
1999 2809 2051 2883 aui-

727 2923 779 2994 mi
793 2913 934 2990 recellus
951 2915 1094 2988 terribili
1108 2919 1267 2991 examine
1285 2918 1504 2992 scrutantem.
1558 2923 1684 3009 Qtum
1699 2923 1830 3016 itaque
1851 2945 1897 2993 ex
1925 2914 1991 3015 ipsa
2005 2913 2051 2984 Ec·

726 3015 828 3094 clefia
837 3017 999 3091 Romana
1013 3017 1219 3114 pellerentur
1234 3044 1273 3092 ac
1290 3019 1490 3110 ejicerentur
1503 3069 1516 3107 ,
1543 3044 1654 3117 quum
1664 3045 1756 3117 aqua
1770 3023 1807 3094 δι
1822 3021 1902 3120 igni
1925 3013 1998 3116 ipfis
2016 3013 2053 3082 in·

727 3116 952 3193 terdiceretur
965 3167 978 3204 ,
993 3115 1056 3190 rifi
1073 3116 1161 3188 forte
1177 3115 1220 3190 ad
1241 3117 1560 3192 submersionem&
1580 3119 1886 3204 vivicomburia3
1920 3115 1997 3219 quid
2015 3137 2055 3186 re·

725 3216 834 3292 stabat
860 3266 872 3303 ,
898 3213 962 3288 nili
982 3234 1023 3288 ut
1048 3214 1197 3290 Ecclefia
1212 3219 1375 3292 Romana
1413 3243 1465 3292 tes
1490 3216 1552 3292 fibi
1589 3217 1661 3292 suas
1696 3219 1957 3313 haberejull'a.
1981 3215 2056 3290 veri·

728 3336 814 3392 tates
826 3314 1049 3415 Evangelicas
1066 3313 1315 3414 profiterentur
1324 3316 1415 3416 apud
1429 3318 1634 3416 eos,quibue
1649 3321 1824 3396 animum
1841 3323 1996 3400 docilem
2013 3315 2056 3390 dt·

727 3417 824 3492 derat
838 3417 934 3489 Deus
948 3465 961 3505 ‚
989 3417 1119 3514 quique
1139 3418 1260 3492 Deum
1274 3444 1317 3491 ex
1330 3416 1531 3519 praescripto
1547 3418 1644 3494 verbi
1666 3418 1719 3493 sui
1738 3424 1914 3499 colerent
1941 3427 1977 3498 in
1991 3447 2054 3499 tou·

725 3515 944 3594 telleratione
958 3541 1102 3617 precum
1118 3542 1158 3593 ac
1169 3518 1467 3592 sacramentorum
1477 3550 1488 3602 3
1500 3517 1583 3596 stcut
1597 3520 1686 3593 olim
1698 3519 1871 3600 fecerunt
1893 3523 2055 3601 Orthodo·

726 3619 766 3694 xi
782 3644 854 3716 quo
867 3637 1026 3716 tempore
1041 3617 1158 3691 Ariani
1174 3644 1291 3693 terum
1306 3619 1479 3717 potientes
1504 3621 1631 3720 templa
1653 3626 1942 3721 propemodum
1957 3623 2057 3700 omnir

729 3718 1016 3818 occupaverant?
1042 3718 1240 3792 inevitabili
1255 3715 1448 3793 netellitate
1467 3721 1508 3794 ad
1525 3721 1571 3794 ita
1584 3720 1762 3820 agendum
1800 3725 1952 3826 impulli
1966 3727 2057 3818 majo·

731 3845 784 3894 res
805 3818 910 3892 nostri
928 3816 1076 3892 fuerunt.
1128 3818 1608 3918 Nonpotuetuntaliter,nis1
1623 3823 1659 3893 in
1672 3824 1860 3899 Divinam
1879 3833 2056 3914 veritatem,

544 3927 629 4010 xm.
645 3927 677 3990 Si
733 3919 908 3993 &animae
923 3917 993 3992 suae
1017 3916 1157 3994 salutem
1172 3939 1363 4006 aeternam,
1383 3942 1505 3995 contra
1527 3947 1633 4022 quam
1657 3923 1760 3997 viros
1788 3925 1918 4004 bonor
1940 3955 1979 4008 ac
1997 3955 2055 4032 pru

546 4005 706 4105 ’ΜΨ
735 4018 852 4096 dentes
865 4017 986 4108 decet,
1004 4021 1119 4117 palam
1133 4019 1317 4093 voluillent
1333 4016 1395 4092 effe
1409 4020 1537 4116 injurii.

539 4085 724 4260 ssffin
832 4120 933 4195 XIII.
958 4121 1002 4194 Et
1019 4115 1128 4192 seneli
1144 4146 1250 4194 unam
1268 4121 1363 4192 illam
1376 4122 1600 4199 conscientiae
1616 4150 1750 4199 vocem
1766 4133 1943 4230 excipias,
1957 4155 2054 4209 catten

547 4211 623 4316 ,ω’
645 4249 704 4316 „a
737 4221 858 4296 omnia
875 4217 1098 4295 seteffionem
1114 4219 1211 4294 istam
1228 4247 1303 4295 non
1316 4219 1431 4296 modo
1447 4250 1523 4297 non
1536 4223 1745 4318 suadebant,
1760 4226 1825 4302 sed
1838 4257 1960 4333 aperte
1974 4237 2057 4306 illire

540 4266 722 4427 foetidam
739 4345 891 4424 pugnate
905 4319 1121 4398 videbantur.
1174 4323 1271 4396 Nam
1291 4347 1401 4422 quum
1418 4325 1503 4398 nihil
1514 4351 1557 4399 ex
1580 4351 1618 4398 ea
1632 4325 1723 4400 lucri
1739 4332 1772 4404 ἀ
1790 4334 1989 4408 commodi
2011 4387 2021 4420 ‚
2040 4327 2057 4404 l

549 4407 729 4497 misul·
741 4450 791 4496 res
804 4420 996 4498 mundanas
1005 4421 1193 4522 spedotent
1199 4477 1211 4512 ,
1236 4421 1368 4522 sperare
1378 4442 1490 4524 patret
1500 4425 1605 4500 nostri
1619 4425 1781 4527 pollent,
1801 4435 1893 4510 nihil
1908 4457 2056 4510 nontur-

550 4499 647 4570 aare.
739 4540 791 4624 ῳ
807 4521 926 4608 dmm
940 4525 974 4629 ᾇ
988 4523 1214 4634 {ammorii
1225 4523 1438 4631 aspediae,
1464 4529 1584 4632 utique
1599 4524 1626 4605 li
1649 4553 1799 4616 caruem
1815 4537 1852 4614 ἃ
1875 4535 2055 4641 [anguium
