4909 5425
884 596 1104 688 Reverendi
1130 472 1405 715 plurinmudd&
1433 592 1672 685 celeberrimi

607 750 1409 1083 HERMANddI
1464 901 1969 1087 WITSII

676 1171 746 1262 SS.
768 1151 925 1256 Theol.
956 1164 1091 1257 nort.
1116 1155 1398 1293 Ejusdemque
1419 1144 1647 1248 Facidtatis
1670 1157 1718 1249 in
1745 1152 1903 1256 Acad.

981 1292 1117 1430 Lugd.
1155 1300 1303 1393 Batav.
1337 1282 1610 1387 meefforis.·

700 1458 855 1545 Placide
869 1454 1038 1545 defundi
1060 1458 1178 1542 Anno
1194 1459 1329 1541 AEtatis
1356 1457 1527 1541 LXXIII.
1545 1478 1581 1537 a.
1602 1445 1642 1534 d.
1672 1453 1744 1537 IX.
1765 1446 1863 1535 Kal.

1058 1572 1171 1653 Nov,
1210 1570 1389 1653 MDCC
1400 1568 1508 1657 VIII.

865 1786 1018 1863 Ethifero
1036 1788 1159 1863 fertore
1181 1810 1273 1864 artus
1293 1810 1445 1887 correpta
1462 1783 1613 1879 jacebat>

914 1890 1109 1969 WI‘I'SIA,
1137 1884 1211 1985 spes
1227 1887 1346 1983 patriae
1373 1892 1524 1961 maxima
1540 1878 1685 1975 lausque
1706 1875 1874 1974 domur,

773 1986 898 2057 Adum
919 1980 1006 2056 erat!
1033 1984 1070 2055 δι
1095 1984 1255 2080 quamvis
1268 1982 1425 2055 exhausta
1447 1977 1580 2058 Paeonis
1596 1997 1691 2060 arte,

824 2080 939 2151 Herba
963 2080 1129 2151 laboranti
1151 2078 1245 2151 nulla
1265 2078 1536 2178 ferebatppem:

774 2179 868 2248 Cum
893 2183 989 2249 Pater
1007 2176 1139 2248 instanti
1157 2177 1312 2248 turbatus
1333 2176 1448 2250 funere
1470 2199 1579 2254 natae,

823 2270 999 2345 Abstineas
1013 2271 1130 2345 avidas
1148 2296 1265 2354 mors,
1291 2274 1360 2354 ait,
1388 2296 1458 2349 atra
1477 2292 1620 2346 manus:
1657 2352 1661 2359 ¹

770 2366 948 2442 Abstineas
969 2394 1062 2441 mors
1081 2390 1150 2440 atra
1169 2393 1309 2465 precor,
1339 2397 1399 2446 nec
1412 2368 1511 2443 dulce
1527 2370 1674 2443 Senedae

818 2466 888 2538 Sub
908 2463 1162 2563 Phlegetonteis
1179 2489 1296 2563 merge
1317 2464 1473 2543 levamen
1495 2470 1608 2565 aquis.

767 2559 832 2634 Illa
856 2558 1047 2634 Ministerio
1068 2560 1173 2657 longe
1190 2561 1277 2634 mihi
1297 2588 1369 2639 cara
1390 2561 1505 2645 fideli,

818 2657 880 2732 Illa
899 2658 987 2756 regit
1009 2657 1135 2730 dubios
1153 2656 1330 2733 debilitate
1355 2660 1501 2760 gradus:

767 2758 852 2826 Non
864 2776 996 2851 patrem
1007 2756 1129 2826 AEneas
1136 2754 1246 2829 coluit
1258 2781 1368 2855 mage,
1384 2781 1454 2830 non
1466 2759 1680 2854 piatantum·

815 2852 1009 2948 Antigone,
1035 2853 1152 2948 patriae
1175 2851 1318 2949 duxque
1346 2878 1532 2952 comesque
1552 2857 1629 2930 viae.

765 2951 803 3024 Si
823 2973 937 3022 tamen
961 2945 979 3018 ὲ·
1001 2945 1108 3020 nostra
1128 2948 1329 3046 quoddam,
1356 2950 1528 3034 crudelia,
1554 2973 1657 3050 geute

815 3039 977 3124 Poscitis,
1005 3041 1071 3119 hoc
1099 3068 1222 3116 canum
1241 3045 1379 3131 tollite,
1411 3048 1499 3127 fata,
1526 3071 1647 3144 caput:

764 3142 885 3215 Lustra
907 3140 970 3211 diu
1000 3162 1149 3250 quatuor
1167 3140 1264 3214 denis
1284 3144 1529 3235 adjunximus3
1555 3167 1661 3243 atquc

812 3242 953 3310 Summa
976 3234 1039 3306 fun
1058 3237 1138 3309 vitae
1156 3262 1225 3309 non
1250 3237 1418 3317 inhonora
1439 3265 1547 3314 meae:

759 3329 862 3408 frisia
882 3355 937 3404 me
952 3332 1125 3430 primum,
1154 3333 1230 3431 post
1247 3338 1438 3429 Trajeuina
1457 3343 1627 3439 Juventus

812 3427 935 3500 Audiit
954 3431 1072 3504 aeterni
1089 3426 1177 3505 sacra
1202 3431 1327 3510 docere
1349 3439 1438 3512 Dei:

760 3525 828 3599 His
845 3523 1121 3623 statiopostrema
1132 3551 1264 3602 novum
1275 3529 1379 3608 decus
1388 3529 1545 3613 addidit,
1573 3532 1677 3606 &me

807 3630 1019 3694 Annumerat
1041 3623 1150 3697 donis
1163 3626 1285 3724 Leyda
1310 3635 1438 3703 Batava
1456 3627 1551 3698 viris.

759 3721 854 3809 Quin
873 3717 1008 3816 pridem
1027 3722 1175 3794 emeritis
1194 3722 1299 3796 etiam
1322 3721 1379 3799 sua
1400 3722 1542 3822 praemia
1572 3717 1679 3797 Mum

809 3811 976 3888 MuniIca
990 3822 1149 3889 Proceres
1162 3815 1364 3894 constituere
1383 3843 1507 3894 manu:

758 3917 861 3988 Nunc
873 3911 980 3984 modo
990 3935 1080 3986 nunc
1092 3907 1217 3985 salvam
1226 3911 1506 3991 liceatiicernere
1528 3918 1675 4017 prolem·

809 4011 921 4086 Unica
944 4005 1062 4106 pacati
1083 4003 1159 4080 sunt
1180 4033 1257 4084 mea
1276 4036 1358 4088 vota
1376 4017 1479 4091 mori.

759 4106 924 4187 Dixerat,
951 4105 989 4175 &
1033 4104 1121 4176 retio
1142 4129 1236 4179 mors
1257 4109 1442 4186 exorabilis
1467 4109 1531 4186 iilo

808 4203 940 4276 Annuit
960 4127 1101 4273 obitura
1122 4221 1215 4274 terve
1233 4227 1397 4303 quaterve
1415 4232 1534 4282 coma:

767 4300 929 4375 Protinus
951 4316 1122 4393 agrotum
1140 4297 1329 4376 visdesorit
1350 4306 1472 4403 ignea,
1497 4305 1638 4407 lamque

803 4394 915 4497 Erigit
929 4392 1058 4498 ignavo
1078 4395 1235 4474 Membra
1251 4397 1372 4474 terena
1391 4420 1471 4476 toro
1795 4489 1953 4574 Lm
