4909 5425
736 524 797 586 ere
1119 498 1238 572 Lru.
1270 499 1295 572 1.
1362 499 1438 570 cr
1464 509 1493 563 r.
1530 496 1696 572 XXIII.

738 618 925 695 terminata
952 614 1012 695 est.
1062 611 1197 691 Pharao
1221 610 1351 690 Necho
1374 609 1523 709 AEgypti
1553 610 1633 688 Rex
1662 631 1748 686 cum
1778 630 1828 686 co
1859 611 1904 687 iis
1933 604 2087 688 adversus

740 717 967 800 Carchemis,
995 735 1019 788 o
1047 713 1172 812 pidum
1201 710 1372 810 Euphrati
1396 710 1599 794 accubans,
1626 722 1760 785 movet
1862 712 2001 785 ccurrit
2030 708 2087 809 ipi

738 815 850 919 Jonas
872 837 956 891 cum
980 737 1065 888 lesia
1086 810 1296 911 Judaeorum
1317 831 1453 898 manu,
1478 831 1575 884 arma
1602 809 1781 884 minitans.
1837 808 1915 886 Cui
1943 808 2085 901 Necte,

738 913 846 992 mitiis
865 912 1026 997 nunciiS,
1051 911 1131 1011 quid
1149 911 1225 983 mibi
1247 929 1367 996 tecum,
1391 919 1455 998 Rex
1477 909 1620 1002 Jedaea?
1645 915 1683 981 ln
1700 927 1733 981 te
1747 934 1813 981 nere
1827 910 1912 1003 suen
1930 911 2087 1006 profetia,

732 1017 789 1110 sed
811 1014 938 1087 demum
957 1038 1030 1115 curre
1048 1037 1113 1112 que
1131 1011 1209 1084 mibi
1228 1009 1339 1084 bellum
1360 1014 1406 1098 ast.
1458 1017 1606 1102 Praecepit
1624 1007 1702 1083 mihi
1726 1015 1817 1082 Derrr
1841 1026 1888 1080 ut
1906 1010 2086 1103 festinaret.

738 1114 863 1207 Alpiirri
882 1117 903 1184 i
924 1123 1011 1194 Dee,
1037 1119 1093 1208 qui
1112 1135 1234 1183 mecum
1252 1113 1312 1203 est3
1339 1137 1377 1183 ne
1398 1128 1431 1183 te
1450 1109 1574 1203 perdar.
1626 1104 1757 1184 Noluit
1776 1108 1995 1184 monitioni
2010 1107 2087 1184 salu·

739 1216 828 1299 tari,
855 1233 933 1309 quac
960 1232 1079 1284 revera
1102 1232 1121 1283 a
1146 1206 1233 1284 Deo
1260 1220 1354 1292 erat,
1382 1219 1418 1282 at
1441 1207 1615 1283 nescimus
1650 1227 1719 1305 qua
1743 1207 1897 1280 ratione
1927 1205 2085 1284 Nechoni

739 1309 932 1410 patelaria,
957 1330 1079 1407 parere
1101 1304 1222 1406 Jolras.
1275 1304 1489 1383 Consertum
1537 1305 1673 1380 raelium
1697 1303 1807 1379 estin
1828 1302 1931 1379 valle
1952 1304 2083 1403 lllegid-

741 1408 811 1493 do,
833 1407 897 1482 ubi
917 1428 963 1481 ex
982 1405 1128 1481 vulnere
1146 1401 1259 1505 Jolias
1278 1406 1472 1499 occubuit3
1500 1329 1537 1479 ii
1559 1426 1666 1480 curru
1688 1401 1872 1488 secundo,
1899 1427 2013 1520 quem
2031 1408 2081 1481 lu-

740 1506 880 1592 bebat,
907 1505 1026 1580 vetius
1056 1502 1329 1604 Hierosolyma,
1365 1502 1482 1580 illatus
1513 1502 1563 1579 est
1596 1504 1634 1578 in
1660 1500 1848 1578 tumulum
1886 1526 2077 1602 majorum,

741 1617 824 1682 toto
857 1603 977 1682 israele
1004 1602 1041 1677 &
1072 1602 1165 1703 Juda
1191 1604 1467 1703 plangentibus3
1494 1601 1664 1678 threnum
1698 1622 1854 1702 quoque
1895 1625 1987 1681 cum
2017 1603 2078 1680 aliis

715 1704 927 1807 ,prophetis
956 1701 1107 1780 faciente
1131 1701 1296 1802 Jeremia.
1348 1705 1405 1780 An
1440 1704 1504 1802 qui
1529 1713 1602 1777 tam
1637 1699 1725 1775 tristi
1755 1701 1859 1800 perit
1896 1700 1996 1790 fato,
2021 1702 2078 1781 diri

739 1804 858 1906 potest
875 1812 909 1877 in
933 1822 1006 1896 prce
1026 1809 1187 1902 aggregari
1208 1802 1254 1875 ed
1269 1804 1408 1896 sepulcre
1421 1805 1517 1896 sere?

789 1900 930 1982 XXV.
957 1903 1004 1979 At
1025 1898 1272 1999 distinguenda
1292 1901 1341 1977 est
1366 1924 1438 2000 pax
1460 1902 1595 2001 privata
1614 1900 1727 1998 regis,
1753 1921 1872 1999 quam
1897 1903 2074 1981 temerarie

738 2002 837 2078 bello
862 1999 932 2101 ipse
950 2000 1175 2086 turbaverat,
1201 2023 1220 2075 a
1230 2022 1331 2177 lpace
1361 1999 1505 2099 publica
1525 2002 1637 2098 regni.
1686 1997 1792 2076 Hanc
1817 1999 1993 2098 pollicita
2013 2013 2071 2081 erat

738 2101 952 2201 Prophetis3
978 2121 1055 2175 non
1074 2098 1180 2173 illam.
1219 2102 1222 2107 '
1271 2110 1381 2176 ocent
1402 2096 1440 2174 id
1473 2097 1680 2200 sequentia:
1707 2125 1747 2172 ne
1775 2099 1920 2175 videare
1943 2107 2021 2179 eceli
2035 2108 2070 2177 ui

737 2203 877 2284 melum,
903 2201 988 2301 qued
1007 2225 1056 2297 ege
1080 2199 1268 2273 indubium
1291 2202 1367 2294 firm
1398 2218 1507 2274 centra
1538 2199 1640 2272 lecum
1669 2199 1760 2275 berec.
1813 2198 1926 2301 Saepe
1956 2200 2070 2281 bruel·

738 2301 837 2375 cium
858 2297 907 2376 est
927 2297 1133 2398 tempestiva
1156 2320 1277 2385 mors,
1301 2299 1464 2399 quamvis
1484 2320 1570 2376 cum
1593 2297 1710 2397 aliqua
1727 2298 1981 2380 amaritudine
1999 2321 2069 2381 ceu·

736 2396 862 2494 juniia.
915 2397 1000 2493 Qua
1021 2395 1066 2472 de
1088 2419 1125 2472 re
1148 2394 1330 2495 eleganter
1352 2398 1484 2474 cecinit
1502 2398 1667 2492 ‚iuvenali
1690 2404 1810 2498 Satyra
1834 2419 1875 2474 x.

902 2499 1057 2571 Incolumi
1083 2501 1175 2590 Treja
1197 2505 1347 2573 Priamus
1371 2499 1496 2594 eenrffer
1521 2498 1567 2572 ed
1585 2495 1716 2572 umbrae

898 2598 1043 2695 Affireci
1063 2598 1183 2697 magnei
1196 2596 1399 2690 solennibus,
1424 2597 1555 2672 Heffiere
1572 2601 1675 2689 fimus

900 2704 1070 2782 Permitte,
1094 2722 1131 2771 ee
1149 2697 1275 2799 reliquie
1289 2698 1437 2795 fratrum
1457 2696 1654 2783 cervicibus,
1679 2701 1764 2773 inter

859 2831 861 2835 ³
899 2797 1038 2871 Iliadum
1061 2797 1254 2897 lachrymas,
1279 2806 1453 2892 reprimes
1478 2798 1565 2872 edere
1588 2797 1729 2891 planiiur

888 2897 1070 2995 calimeri
1091 2905 1254 2991 inciperet,
1273 2899 1422 2998 seiffeque
1444 2898 1604 2997 Peliyxene
1625 2897 1725 2991 palie,

899 3004 941 3077 Si
951 3002 1037 3091 seret
1058 2999 1216 3094 exstiuiirrs
1236 2997 1357 3091 diverse
1380 3017 1536 3091 tempere,
1562 3021 1623 3096 qrre
1644 3021 1706 3070 nen

900 3105 1039 3191 Ceperat
1057 3097 1188 3173 auderes
1207 3099 1294 3171 Perit
1314 3096 1462 3195 adiicere
1483 3103 1617 3170 carinas.

898 3203 1002 3293 lenge
1021 3196 1086 3268 dier
1107 3202 1206 3294 igitur
1223 3195 1305 3300 quid
1327 3197 1490 3279 tertulii?
1515 3201 1618 3271 emnia
1640 3192 1730 3268 vidie

899 3295 1037 3387 luerit,
1062 3292 1103 3382 ὁ
1115 3298 1255 3394 flammis
1279 3296 1387 3391 Afierrr
1404 3297 1554 3396 ferreque
1575 3293 1745 3369 cedentem.

731 3388 868 3468 Similia
889 3413 935 3468 ne
970 3391 1108 3468 videret
1131 3396 1168 3468 in
1194 3416 1311 3493 regno
1339 3393 1403 3471 seo
1431 3393 1568 3496 Julias3
1589 3390 1719 3467 factum
1741 3387 1818 3468 Dei
1843 3392 2071 3478 Providentia
2115 3461 2116 3472 a

729 3488 780 3565 est
804 3502 845 3566 ut
869 3491 908 3568 in
936 3490 1032 3567 bello
1057 3493 1207 3593 quidem
1235 3494 1494 3583 occumberet,
1519 3505 1675 3570 attamen
1703 3491 1798 3565 inter
1823 3495 2072 3593 proiufiffimrs

728 3586 875 3666 snorum
901 3592 1094 3679 lacrumas,
1120 3594 1225 3695 regiis
1251 3594 1433 3691 majorum
1458 3590 1606 3669 tumulis
1631 3587 1830 3667 irasceretur.
1890 3598 2015 3701 Atque
2032 3600 2072 3676 in

726 3682 858 3768 Huldae
882 3692 1052 3767 vaticinio
1078 3691 1135 3768 lua
1163 3693 1322 3769 constitit
1346 3691 1444 3768 fides.
1822 3785 1824 3790 Ι
2114 3749 2116 3798 4

534 3810 659 3880 xxvi.
776 3785 945 3869 XXVl.
972 3790 1029 3868 Ad
1060 3792 1148 3867 novi
1173 3791 1319 3865 foederis
1345 3787 1481 3867 tabulas
1504 3790 1568 3868 ubi
1593 3800 1742 3869 ventum
1770 3789 1849 3877 eli,
1878 3796 1980 3876 inter
1999 3819 2071 3877 om-

542 3894 653 3958 Maria
725 3906 790 3962 nes
815 3888 896 3966 alias
918 3890 1088 3966 foeminas
1111 3900 1219 3991 caput
1244 3888 1461 3965 immensum
1485 3903 1660 3991 quantum
1686 3888 1787 3965 effert
1806 3890 1951 3979 Mami
1983 3917 2073 3975 m

542 3969 663 4111 {wi
726 3994 880 4076 Domni,-
921 3992 1079 4089 cuique
1111 3987 1227 4065 modo
1253 3991 1456 4091 apparuerit
1478 3989 1637 4091 Angelus
1661 3987 1835 4076 Gabriel,
1865 3993 2072 4076 laetiffim

663 4092 672 4109 '
727 4092 1033 4187 conceptionem,
1059 4086 1306 4165 &salutarem
1340 4085 1419 4167 Filii
1448 4087 1522 4170 Dei
1547 4102 1689 4189 partum
1714 4099 2068 4188 praenuntiarem

726 4186 900 4265 omnibus
933 4184 1110 4265 notillima
1136 4187 1196 4271 est.
1242 4187 1321 4266 Nec
1351 4191 1471 4266 minus
1496 4190 1709 4266 cunilorum
1736 4208 1802 4264 ore
1839 4192 2069 4275 demnatum

726 4304 889 4374 carmen,
915 4309 991 4390 quo
1016 4284 1091 4365 Dei
1110 4299 1165 4363 ter
1185 4286 1332 4391 Optimi
1354 4287 1508 4367 Maximi
1526 4286 1673 4379 laudes,
1696 4285 1834 4389 Spiritu
1862 4293 2066 4400 impulsore,

726 4383 927 4464 celebravit.
977 4385 1093 4484 Quod
1119 4385 1145 4462 fi
1171 4409 1258 4463 cum
1277 4385 1343 4462 illo
1364 4388 1478 4464 Annae
1501 4386 1765 4473 contendatur,
1792 4396 1967 4476 maxima
1989 4417 2067 4474 oon

658 4549 665 4559 ,
726 4476 854 4563 ferenti
878 4486 1016 4594 patebit
1038 4481 1187 4566 affinitas
1211 4486 1250 4564 ἃ
1277 4497 1477 4565 concentus
1503 4484 1787 4585 jecundiffimue

1696 4679 1698 4683 ,
1816 4587 2066 4682 rorvuuec
