4909 5425
547 723 691 828 Nepoti
706 718 796 810 su03
825 743 941 823 ouem
962 720 1070 797 instar
1089 716 1157 796 filii
1181 721 1292 800 unice
1312 720 1471 797 charum
1490 714 1631 795 habens
1646 742 1692 794 ea
1710 713 1913 803 assiduita-

547 838 586 898 te
606 815 825 906 erudiebat,
855 838 893 894 ut
912 836 998 894 ante
1021 812 1217 894 decimum
1231 819 1410 924 quintum
1422 817 1536 894 aetatis
1554 839 1699 892 annum
1719 840 1811 891 nori
1821 845 1912 899 rno-

547 912 603 994 do
630 914 765 993 Latine
785 910 1031 993 tolerabiliter
1058 909 1232 991 scriberet
1255 918 1294 992 &
1321 912 1569 1016 loqueretur,
1595 905 1658 988 sed
1681 913 1723 988 ὃ(
1744 913 1913 999 Graecos

464 1054 473 1080 ν
546 1014 654 1093 Novi
674 1008 905 1088 Testamenti
924 1009 1062 1086 Libros
1085 1011 1125 1085 ὅ(
1145 1007 1314 1105 isocratis
1334 1011 1536 1087 Orationes
1553 1004 1702 1117 aliquot
1745 1033 1913 1116 rompte

548 1109 631 1187 satis
653 1110 984 1207 interpretaretur,
1010 1103 1190 1181 Samuelis
1213 1106 1328 1184 etiam
1352 1109 1665 1183 Commentarios
1727 1104 1912 1190 ebraicos

548 1205 685 1285 Latine
710 1199 906 1290 redderet,
934 1227 1077 1281 vocum
1102 1199 1378 1306 etymologiaa
1409 1204 1588 1306 itumque
1610 1201 1842 1281 mutatione
1868 1233 1913 1286 ex

548 1297 1056 1380 CanonibusGrammatices
1066 1293 1335 1375 demonstrata.
1380 1227 1638 1402 l'bilosophiae
1648 1304 1914 1404 quoqueGu·

547 1394 647 1476 stum
670 1395 837 1498 aliquem
856 1421 903 1471 ex
924 1392 1127 1496 Disciplina
1152 1391 1215 1470 illa
1237 1391 1390 1482 hausit,
1427 1396 1615 1496 Logieam
1636 1418 1718 1471 non
1748 1396 1913 1496 perfun-

552 1492 697 1577 troiia,
735 1491 794 1567 led
807 1511 995 1596 quantum
1024 1487 1073 1566 ad
1097 1489 1205 1566 usum
1235 1487 1318 1568 satis
1339 1509 1417 1566 erat
1435 1490 1619 1577 edusius,
1646 1509 1689 1566 ut
1713 1493 1853 1593 postea
1875 1497 1914 1575 in

547 1583 798 1665 Academiam
812 1586 1008 1665 translatus
1032 1583 1139 1663 nullo
1150 1588 1238 1666 artis
1251 1584 1351 1664 istius
1364 1588 1537 1665 Doslore
1547 1582 1770 1692 indiguerit.
1799 1593 1912 1683 Quin

549 1683 851 1785 &Compendia
874 1684 1019 1761 Ethices
1044 1680 1171 1761 Walaei
1205 1687 1243 1760 ὅ(
1269 1681 1524 1786 Burgersdicii
1550 1679 1693 1761 eodem
1723 1703 1811 1763 tem
1843 1713 1913 1767 ore

547 1776 701 1866 didicit3
729 1776 931 1884 idquetam
943 1776 1096 1865 sedulo,
1123 1799 1166 1855 ut
1179 1779 1298 1880 pleras
1329 1783 1619 1868 ueSenteiitias,
1641 1783 1786 1883 quaein
1805 1711 1911 1862 flur·

547 1873 740 2052 {ersdicio
757 1903 803 1953 ex
821 1876 996 1980 Antiquis
1023 1873 1163 1953 crebrae
1184 1875 1290 1964 sunt,
1334 1901 1394 1954 ive
1417 1879 1560 1953 Graecae
1581 1901 1635 1952 eae
1665 1874 1802 1983 sorent
1833 1878 1909 1958 sive

585 1973 719 2061 atinae,
748 1975 971 2050 memoriter
1003 1969 1167 2049 calleret.
1219 1970 1390 2064 Ejusdem
1422 1977 1502 2051 Bur
1529 1968 1676 2050 ersdicii
1705 1970 1903 2054 Elementa

547 2067 718 2180 Physices
737 2069 941 2173 percurrit,
969 2063 1229 2169 Metaphysicis
1254 2070 1369 2146 etiam
1395 1996 1669 2147 Subtiitatibus
1690 2068 1831 2150 libatis.
1854 2074 1902 2148 Et

577 2190 637 2242 uia
654 2165 824 2246 severum
838 2166 877 2242 in
897 2165 1100 2244 Avunculo
1123 2161 1293 2259 tpiobo‘ulnr
1322 2163 1515 2254 habebat,
1569 2163 1741 2268 lerasque
1764 2180 1905 2244 'rerum

547 2189 877 2364 sheologicarum
900 2256 1140 2339 definitiones
1160 2262 1433 2340 &Partitiones
1450 2290 1496 2341 ex
1555 2258 1738 2340 endelino
1749 2289 1909 2342 memo-

546 2362 614 2441 riae
635 2356 821 2437 infixerat.
874 2358 1053 2467 inprimis
1075 2381 1168 2436 vero
1201 2353 1240 2432 id
1254 2383 1381 2460 operae
1398 2358 1465 2436 sibi
1492 2354 1625 2437 datum
1659 2357 1908 2440 existimabat

547 2457 795 2560 Virantiquae
808 2455 983 2542 Pietatis,¹
1003 2473 1045 2530 ut
1056 2473 1237 2554 nepotem
1286 2480 1418 2559 uoque
1436 2455 1546 2533 suum
1563 2453 1583 2533 i
1602 2454 1742 2536 teneris
1762 2460 1909 2559 ungui-
1932 2521 1934 2523 >

546 2550 640 2634 culis
659 2549 707 2629 ad
723 2548 888 2629 eandem
909 2545 1159 2658 assuefaceret.
1211 2477 1365 2629 Soiebat
1387 2551 1461 2655 ipse
1481 2550 1530 2630 ad
1550 2554 1682 2631 omnia
1714 2551 1793 2629 sere
1816 2577 1909 2664 quae

548 2652 589 2727 in
607 2649 810 2727 communi
829 2647 903 2725 vita
924 2643 989 2723 usu
1009 2662 1167 2724 veniunt
1184 2646 1223 2724 in
1243 2669 1402 2751 promtu
1422 2648 1561 2730 habere
1581 2646 1740 2753 insignia
1762 2653 1911 2732 utrius·

546 2769 624 2855 que
646 2746 775 2824 Divini
801 2740 1043 2821 instrumenti
1067 2738 1197 2831 ditia,
1225 2767 1310 2847 quae
1330 2749 1426 2824 inter
1449 2742 1705 2853 surgendum,
1742 2744 1910 2831 vestien-

546 2862 671 2929 dum,
698 2838 927 2922 lavandum,
952 2836 1254 2929 ambulandum,
1280 2840 1536 2932 studendum,
1564 2849 1603 2924 ὅ(
1654 2839 1780 2920 uidvis
1800 2844 1912 2926 deni·

548 2964 627 3040 que
639 2934 858 3040 agendum,
885 2933 960 3014 sive
981 2932 1030 3014 ad
1052 2938 1181 3014 Preces
1193 2933 1277 3044 sive
1297 2935 1346 3014 ad
1359 2942 1577 3018 Gratiarum
1598 2942 1632 3016 A
1674 2940 1841 3034 onem,
1861 2943 1909 3024 si·

546 3062 595 3117 ve
614 3031 663 3114 ad
686 3031 803 3112 officii
824 3031 874 3110 sui
892 3029 1344 3123 commonefatimnem,
1370 3035 1556 3116 Hebraice
1582 3057 1647 3114 aut
1668 3037 1811 3116 Graece
1833 3039 1907 3119 fre·

546 3150 712 3237 quenter
730 3127 929 3238 recitabat,
956 3129 1157 3235 iuvenique
1176 3132 1317 3305 Nepoti
1331 3129 1379 3209 ad
1401 3129 1505 3240 idem
1523 3130 1739 3243 faciendum
1762 3137 1909 3217 Exem-

547 3226 619 3331 plo
647 3250 691 3304 ac
715 3246 874 3305 monitis
894 3245 1006 3301 autor
1027 3251 1116 3302 erat.
1167 3226 1226 3303 Un
1255 3232 1333 3305 e&
1358 3231 1460 3306 conti
1491 3251 1542 3319 it,
1569 3251 1612 3309 ut
1638 3229 1700 3307 hic
1723 3226 1795 3309 ista
1830 3234 1907 3325 iarn

547 3343 667 3401 attare·
678 3341 805 3399 tenera
819 3319 1146 3427 aliquammultas
1167 3322 1372 3403 Hebraieas
1402 3330 1441 3405 ὃ(
1461 3255 1609 3406 graecas
1634 3329 1907 3431 Pericopassa·

545 3416 710 3498 miliares
731 3413 797 3495 sibi
814 3412 1046 3505 reddiderit,
1074 3443 1310 3525 quarumne
1331 3421 1458 3501 senem
1487 3420 1646 3529 quidem
1674 3449 1717 3502 ce
1747 3425 1777 3501 it
1797 3426 1908 3507 obli·

545 3516 627 3597 vio·
654 3519 692 3592 Ο
711 3538 835 3620 saraim
857 3514 962 3605 Wtfii
975 3513 1089 3593 nostri
1103 3513 1344 3607 felicitatem,
1371 3517 1702 3625 &obsequendiin
1734 3518 1905 3605 nitriam!

547 3608 674 3720 quaesi
694 3606 811 3687 hodie
827 3606 1002 3714 frequens
1024 3608 1133 3701 esset,
1160 3611 1258 3706 (cur
1285 3640 1367 3691 non
1389 3640 1526 3694 verum
1541 3614 1647 3693 fateri
1659 3637 1845 3721 oporteat
1860 3621 1906 3715 l)

545 3706 594 3790 ad
618 3703 869 3787 Academiam
894 3712 1015 3883 maqis
1037 3708 1152 3813 longe
1166 3709 1339 3787 'instructi
1359 3707 1581 3789 accederent
1599 3709 1713 3791 multi
1736 3769 1747 3803 ,
1772 3741 1904 3826 ,quani

544 3829 648 3885 nunc
669 3803 752 3882 sunt
769 3829 861 3881 cum
883 3802 931 3881 ab
988 3802 1156 3883 cademia
1178 3802 1228 3881 ad
1249 3830 1477 3886 communes
1494 3810 1581 3890 vita
1592 3810 1802 3892 &civitatis
1815 3813 1906 3897 usus

545 3921 810 4079 transsiimctirm
833 3996 872 4074 iii
921 4017 1048 4075 aterna
1079 3989 1204 4104 domo
1223 3995 1423 4079 instructus
1454 3997 1543 4079 esset
1572 3997 1750 4106 praesidiis
1774 4008 1905 4089 Anno

543 4094 720 4173 MDcLi.
742 4095 856 4173 aeratis
912 4097 957 4169 V.
972 4091 1100 4203 istum
1117 4090 1187 4170 suit
1204 4090 1373 4205 deWitfio
1398 4098 1437 4177 in
1463 4097 1711 4178 Academiam
1723 4100 1902 4208 aliquam

541 4188 771 4291 ablegando.
823 4192 900 4267 Prae
917 4208 1060 4268 caeterls
1089 4209 1217 4270 autem
1245 4192 1457 4284 Traiettina
1483 4192 1656 4295 placuit,
1720 4222 1781 4275 uae
1804 4218 1904 4281 tunc

541 4286 643 4362 Viris
666 4290 704 4363 iii
731 4286 841 4365 omni
866 4286 1082 4397 Literarum
1098 4312 1237 4393 genere
1256 4287 1476 4367 Clariffimis
1496 4295 1535 4370 ὅ(
1553 4220 1905 4403 insigniimdioso

539 4403 631 4464 tum
649 4379 884 4489 frequentia,
909 4406 1136 4492 egregiaque
1157 4381 1351 4489 disciplina
1368 4382 1547 4467 florebat.
1594 4393 1788 4496 uraenpue
1810 4418 1903 4476 erun

551 4519 555 4524 ·
1783 4512 1904 4573 com-
