4909 5425
608 488 673 553 1³4
861 534 866 542 .
1013 464 1193 543 Lini·
1244 470 1532 550 Car.va

611 591 744 668 iterum
786 587 923 669 diluvio
952 587 1169 679 turbandis,
1208 611 1327 689 neque
1365 591 1593 693 exstirpando
1627 618 1776 697 genere
1813 598 1953 683 humant

613 714 679 793 per
705 713 821 791 aquas.
872 686 990 784 Quod
1011 686 1200 763 consilium
1222 685 1368 764 suederis
1392 694 1541 769 nomine
1558 696 1755 794 exposuit,
1784 700 1954 779 confirm

616 793 739 893 vitque
760 789 912 866 solemni
932 784 1150 863 sacramento
1176 785 1274 862 iridis
1292 786 1454 864 sormatae
1470 793 1508 866 in
1528 795 1703 872 nubibus.

429 929 477 995 lx
500 928 551 993 Ab
668 888 745 971 IX.
774 889 919 965 Moram
950 885 1010 960 hic
1046 884 1156 971 mihi,
1189 890 1419 985 quantumvis
1452 888 1650 979 festinanti,
1679 917 1814 974 nova:
1842 897 1955 984 &,ui

421 975 518 1092 surita
533 968 588 1084 0132·-
618 1013 688 1091 ego
712 987 860 1089 quidem
882 985 1052 1070 arbitror,
1079 982 1224 1059 absurda
1242 985 1356 1082 injicit
1375 988 1530 1086 opinio;
1557 990 1723 1090 qualium
1746 996 1885 1101 nostro
1906 995 1955 1079 hot

429 1089 585 1181 moeno
619 1089 736 1167 seculo
760 1094 955 1186 proventus
975 1082 1025 1157 est
1045 1083 1256 1158 uberrimus.
1307 1082 1395 1198 Non
1417 1086 1540 1164 desunt
1564 1092 1627 1190 qui
1652 1089 1874 1182 diluvium,
1895 1118 1954 1199 -quo

430 1166 604 1337 ffffhlh
618 1180 1130 1364 mlhhhilr‘tlttt
1147 1180 1711 1367 ttrhdlsistttdht
1730 1190 1955 1373 lh‘ht

429 1323 577 1480 mgb
617 1311 809 1464 rcrbceisario
831 1375 992 1457 accidisse
1014 1389 1198 1553 puppem,
1223 1335 1335 1494 quarh
1354 1380 1435 1457 solis
1457 1307 1594 1461 hnaeve
1615 1313 1721 1467 lblatis
1748 1395 1953 1493 tempestat

615 1486 683 1561 bus
707 1481 874 1580 deliquia.
919 1477 960 1556 ld
979 1492 1020 1553 ut
1047 1501 1071 1554 o
1099 1490 1256 1564 meant,
1284 1480 1423 1579 hngunt
1446 1480 1555 1558 talem
1583 1486 1741 1565 universi
1771 1489 1954 1579 fabricam.

615 1585 686 1686 qui
711 1604 757 1656 ex
778 1580 890 1664 chao,
916 1576 1114 1653 secundum
1134 1576 1274 1675 regulas
1296 1591 1440 1664 motus,
1466 1577 1621 1659 successu
1639 1589 1861 1704 temporis,
1885 1591 1957 1670 mul·

613 1695 648 1759 ta
667 1675 859 1759 caussarum
880 1676 1095 1753 naturalium
1117 1674 1223 1761 serie,
1251 1676 1396 1775 prodire
1415 1679 1563 1755 tandem
1581 1680 1754 1769 debuerat
1789 1690 1892 1769 bene
1912 1714 1957 1769 or·

612 1780 754 1856 dinatus
780 1775 961 1853 mundus:
988 1776 1040 1852 uri
1068 1774 1105 1851 &
1127 1774 1273 1875 prodiit.
1324 1774 1401 1853 Sed
1418 1777 1543 1881 multo
1571 1780 1671 1859 aliter
1693 1786 1870 1885 primam
1895 1790 1958 1867 uoi-

612 1877 782 1956 versrtatis
810 1888 890 1952 tum
925 1874 1087 1952 sormatae
1117 1874 1412 1950 constitutionem
1441 1878 1655 1980 concipiunt
1677 1898 1845 1987 „atque
1878 1910 1957 1967 nunt

611 1977 670 2055 est
720 1972 767 2054 Et
788 1997 858 2075 qua
877 1975 958 2050 sunt
978 1972 1182 2051 incredibili
1200 1975 1238 2049 in
1265 1974 1337 2049 enii
1356 1971 1520 2064 solertia,
1544 2001 1624 2055 non
1647 1982 1783 2060 minus
1810 2000 1954 2065 accone

610 2100 694 2154 eam
718 2076 940 2176 depingunt,
966 2096 1077 2189 quam
1104 2071 1132 2148 fi
1156 1996 1341 2172 praeibntes
1368 2073 1486 2188 multa
1516 2099 1598 2153 earn
1630 2086 1888 2184 contemplati
1917 2084 1956 2163 ti·

610 2175 687 2253 sent
708 2198 750 2252 ac
770 2173 904 2250 solicita
923 2170 1115 2272 diligentia.
1168 2171 1291 2249 Securi
1315 2172 1403 2272 qurd
1428 2171 1473 2250 de
1504 2177 1632 2252 mundi
1661 2182 1889 2273 creatione,
1911 2182 1958 2263 ter

610 2274 752 2350 dierum
772 2271 907 2374 spatio,
933 2268 1133 2371 prodiderit
1153 2270 1299 2365 Moses;
1325 2270 1441 2347 modo
1468 2270 1708 2376 Philosophia
1741 2278 1823 2359 suae
1849 2284 1957 2363 didm

610 2371 701 2450 sarta
719 2370 808 2448 tedia
830 2383 1030 2447 maneant:
1057 2392 1218 2470 quorum
1244 2371 1408 2469 quamvis
1430 2369 1576 2449 fortassis
1599 2398 1677 2453 non
1703 2383 1880 2462 omnino
1903 2386 1958 2463 ira·

639 2473 746 2547 eritus
770 2466 855 2546 esset
884 2468 1030 2557 Moses,
1055 2474 1070 2564 s
1082 2468 1184 2568 quod
1206 2467 1389 2543 modestiae
1412 2466 1525 2547 cautla
1543 2472 1715 2568 additur)
1735 2474 1828 2558 satis
1849 2490 1957 2561 tamti

611 2495 739 2648 habuit
764 2563 917 2643 crassiori
943 2566 1130 2652 Minerva,
1156 2566 1202 2642 ad
1229 2579 1377 2666 captum
1400 2569 1528 2668 populi
1556 2569 1738 2653 israelitici
1750 2631 1766 2669 ,
1795 2580 1840 2657 dc
1862 2592 1956 2683 prou

613 2667 781 2769 religioni
816 2664 1072 2744 constituenda
1105 2662 1346 2753 inserviebat,
1379 2665 1563 2748 historiam
1596 2669 1694 2752 suam
1734 2679 1847 2758 cons

494 2783 497 2788 '
614 2767 669 2848 Ex
694 2790 733 2842 ea
760 2779 882 2842 autem
902 2763 1053 2843 universi
1070 2764 1186 2842 forma
1205 2764 1332 2841 diluvii
1349 2764 1587 2847 necelhtatem
1605 2772 1804 2855 deducunt
1816 2805 1830 2875 ;
1859 2803 1957 2860 ecun-
1995 2823 1997 2832 ·

614 2865 705 2944 dum
729 2878 875 2942 aetetnas
897 2862 1035 2964 regulas
1053 2877 1200 2941 motus:
1224 2886 1267 2941 ea
1286 2865 1418 2942 iterum
1444 2866 1639 2947 caussarum
1659 2880 1857 2956 concinna
1880 2903 1959 2960 coo·

615 2969 859 3055 catenatione,
885 2976 1022 3040 utnon
1043 2966 1157 3065 magis
1182 2987 1262 3040 eam
1308 2962 1497 3064 erspetiam
1518 2968 1674 3046 habuere
1712 3063 1715 3070 ι
1749 2979 1960 3071 tuerint,i

615 3063 680 3166 ipsr
699 3060 922 3179 formassent,
948 3062 1005 3177 vel
1021 3061 1145 3140 saltem
1167 3062 1250 3141 Deo
1275 2987 1444 3178 barmanti
1459 3087 1486 3180 ‚a
1507 3066 1662 3183 consiliis
1682 2995 1844 3156 bboilsent
1949 3179 1958 3200 .

433 3193 595 3337 rol*-
615 3163 729 3339 m
744 3162 839 3337 ti
852 3161 1495 3357 talhlhtihrttshlaiff
1521 3166 1961 3374 ratimari

614 3389 719 3437 eorum
739 3363 936 3460 intelligentia
957 3387 1075 3438 tarent.
1125 3373 1235 3456 Qum
1246 3367 1280 3456 se
1300 3364 1442 3437 diiiitent
1453 3366 1627 3460 fhpientu,
1643 3372 1738 3464 flulti
1755 3377 1848 3468 foffi
1873 3381 1960 3472 su.

615 3461 723 3541 Rom.
742 3487 772 3538 1.
788 3485 846 3539 ar.
862 3486 922 3541 aa.
971 3459 1158 3560 Quicquid
1184 3464 1282 3550 enim
1300 3460 1455 3559 iebant,
1482 3488 1601 3564 neque
1627 3471 1756 3546 mundi
1785 3473 1964 3560 fabricam

616 3583 663 3638 ex
697 3558 921 3660 philosophia
945 3558 1004 3635 sua
1038 3573 1198 3648 norunt,
1223 3585 1269 3637 ne
1297 3584 1343 3637 ue
1368 3556 1636 3643 dissolutionem
1669 3569 1828 3650 tenent:
1856 3576 1899 3654 dr
1924 3591 1963 3656 rt

560 3733 564 3750 ,
615 3671 804 3759 utramque
823 3670 989 3734 tueantur
1013 3657 1082 3736 tale
1103 3658 1167 3737 srbi
1190 3685 1235 3737 ex
1258 3585 1346 3736 ibeis
1369 3661 1407 3734 in
1428 3683 1544 3740 vacuo
1566 3666 1747 3744 cerebello
1772 3673 1963 3756 volitanti.

616 3758 682 3835 bus
708 3755 910 3834 universum
929 3757 1126 3846 aedificant,
1153 3759 1393 3861 qualemque
1415 3761 1600 3863 quisquam
1623 3767 1843 3852 mortalium
1860 3775 1960 3866 vid't,

614 3879 734 3958 neque
760 3856 929 3957 scriptura
958 3859 1111 3946 docuit,
1137 3863 1253 3936 immo
1280 3861 1381 3954 cujus
1409 3859 1527 3938 sorma
1552 3863 1729 3965 scripturae
1755 3877 1959 3956 narrationi

612 3956 731 4057 palam
753 3956 959 4032 adversatur.
1011 3958 1151 4036 Mirum
1171 3960 1209 4034 ni
1233 3957 1329 4034 dicat
1352 3961 1395 4037 iis
1419 3959 1524 4040 Deua
1542 3965 1643 4066 quod
1674 3964 1779 4066 Jobo
1815 3973 1911 4056 olim
1937 3997 1957 4056 e

612 4056 777 4133 turbine:
811 4062 950 4232 Ques
967 4067 1024 4162 qui
1044 4059 1222 4134 obtenebrat
1250 4059 1406 4151 confilium
1431 4066 1546 4158 institis
1567 4067 1799 4159 sermonibus?
1823 4079 1959 4178 Ααὶῃ

611 4182 698 4231 nunc
712 4175 752 4230 ut
771 4167 825 4233 vir
856 4157 966 4234 umbos
984 4176 1073 4242 tuos,
1099 4160 1139 4247 &⁴
1161 4161 1248 4259 quod
1266 4161 1459 4261 interrogabo
1480 4182 1511 4237 te
1529 4184 1639 4240 notun
1648 4166 1708 4261 fac
1728 4171 1822 4250 inibi.
1878 4177 1958 4252 vii.

611 4282 688 4332 rum
722 4285 791 4333 erar
818 4283 917 4354 quum
938 4258 1113 4356 fundarem
1146 4259 1308 4335 terram?
1358 4263 1492 4352 indica,
1514 4264 1547 4355 fi
1571 4272 1682 4361 novitii
1707 4272 1955 4374 indigentia.

610 4363 692 4456 Qis
710 4359 855 4452 disposuit
873 4360 1031 4456 mosum
1055 4363 1145 4454 ejus,
1168 4362 1421 4462 quandoquidem
1438 4363 1543 4456 scitus
1563 4365 1628 4441 er?
1664 4387 1725 4442 aut
1744 4385 1822 4488 pan}
1846 4397 1956 4454 ωε..

609 4455 660 4530 dit
681 4462 715 4532 tn
736 4457 965 4572 coequans
992 4453 1284 4563 Johxxxvrrr.
1307 4481 1342 4548 a
1369 4485 1401 4560 3·
1423 4487 1462 4563 4·
1483 4487 1515 4561 ς.
1564 4463 1670 4564 Nos,
1693 4491 1759 4572 qur
1791 4474 1834 4550 in
1859 4475 1958 4656 1iho-
