4909 5425
1016 436 1493 607 ruutaui'ss*

544 729 761 842 Suauilsimi
781 736 926 841 quippe
957 736 1084 815 somni
1103 738 1242 821 blanda
1261 738 1457 821 simulacra
1479 762 1569 819 cum
1598 736 1744 817 alliduo
1773 736 1895 845 inagis

544 855 747 936 magisque
767 828 1029 911 demulcendo
1047 834 1217 941 sopirent
1228 836 1383 927 Sensus,
1411 837 1613 943 postquam
1628 836 1759 913 ultima
1778 854 1895 939 etiam

545 928 635 1005 vita
655 925 753 1005 hora
770 929 867 1007 mihi
882 930 932 1007 ad
953 926 1042 1007 fidei
1062 936 1136 1009 &S
1165 937 1197 1015 ei
1215 934 1470 1014 constantiam
1490 959 1581 1011 cum
1594 928 1734 1013 divina
1755 934 1895 1007 Gratia

545 1045 645 1101 voto
675 1022 846 1133 hortanti
875 1024 957 1104 latis
983 958 1270 1133 intelligililiter
1290 1026 1496 1119 annuisset,
1535 1024 1768 1135 perbeataes
1788 1028 1822 1102 ei
1838 1027 1895 1132 ¹&

544 1117 891 1207 coelestrsdeltderii
910 1122 962 1201 sui
983 1126 1122 1203 totiens
1135 1151 1222 1205 ante
1245 1126 1467 1206 tellatillimi
1482 1152 1626 1206 novam
1649 1124 1742 1228 ligni
1777 1142 1894 1199 catio·

543 1244 661 1306 nem,
688 1214 766 1319 ipsa
816 1220 913 1297 rima
936 1218 1145 1299 Meridiana
1167 1229 1242 1304 Die
1263 1224 1387 1307 XXll
1405 1222 1539 1303 llensrs
1562 1222 1742 1301 Octobris
1766 1220 1894 1327 lenem

543 1316 666 1393 vitam
680 1246 882 1394 mitillimo
896 1314 1044 1395 defertu
1064 1326 1320 1400 emorientem
1336 1346 1453 1426 quam
1495 1314 1712 1398 lacidillime
1723 1318 1892 1423 reliquit,

543 1430 660 1513 atque
676 1409 726 1489 ad
740 1436 865 1513 parata
876 1410 942 1491 sibi
963 1410 984 1491 ὲ
1007 1416 1184 1495 Domino
1196 1418 1263 1495 suo
1283 1417 1421 1523 gaudia
1435 1347 1608 1495 alaburc
1630 1420 1893 1493 &certamine

544 1510 667 1585 omni·
683 1506 937 1589 lubentissime
954 1509 1118 1591 transiit,
1146 1514 1278 1593 AEtatis
1297 1513 1370 1592 luae
1391 1520 1510 1593 Anno
1531 1512 1703 1592 LXXlll.

643 1705 695 1779 lta
725 1704 818 1781 vixit
841 1707 889 1779 Α.
917 1706 956 1783 Ρ.
981 1707 1022 1783 &
1049 1726 1227 1785 mortuus
1251 1706 1303 1785 est
1344 1708 1663 1786 HERMANNUS
1689 1701 1890 1781 WlTSlUS

544 1791 697 1875 dierum
732 1803 771 1877 &
801 1800 1001 1879 bonorum
1030 1801 1141 1893 hujus
1168 1826 1283 1894 vitae,
1311 1802 1374 1884 scd
1406 1807 1445 1881 δι
1481 1800 1743 1881 molestiarum
1777 1799 1889 1877 satur.

543 1894 652 1973 Vivit
675 1922 769 1975 vero
790 1896 853 1976 ille
869 1922 972 1976 nunc
990 1896 1151 1977 demum
1174 1926 1262 1979 vere
1281 1904 1321 1981 in
1346 1899 1453 1980 coelis
1471 1898 1574 2005 apud
1598 1900 1746 1985 Deum,
1774 1896 1891 1973 beati-

541 1992 627 2069 tatis
649 2018 850 2167 nunguam
881 1991 1079 2082 finienda,
1111 1994 1299 2101 adquam
1317 2026 1387 2079 nos
1409 1993 1531 2074 adhuc
1562 1995 1765 2107 aspiramus
1779 1995 1890 2101 'inter

540 2082 712 2166 luctuosa
755 2092 968 2173 'erramina
1001 2090 1120 2169 taetus
1147 2119 1215 2195 per
1243 2096 1405 2174 Domini
1436 2092 1489 2171 l'ui
1510 2116 1671 2194 gratiam
1691 2112 1889 2194 particeps.

541 2185 588 2289 lit
609 2186 714 2264 vivet
734 2187 876 2265 iterum
894 2184 1102 2265 novillimo
1122 2186 1206 2278 die,
1238 2210 1279 2267 ut
1301 2194 1416 2270 etiam
1438 2192 1477 2268 in
1506 2214 1672 2294 corpore
1703 2182 1888 2265 decorato

542 2282 587 2356 lit
607 2300 795 2361 aeternum
828 2307 922 2363 cum
954 2284 1135 2362 Domino
1160 2282 1231 2363 suo
1258 2285 1305 2366 ad
1331 2286 1442 2381 hujus
1472 2285 1603 2365 laudes
1631 2277 1889 2389 praedicandae

540 2381 643 2457 inter
657 2379 805 2459 coelites.
855 2384 943 2459 lmo
965 2384 1094 2462 vivere
1122 2404 1300 2463 mortuus
1316 2412 1399 2464 non
1428 2379 1569 2463 desinet
1589 2386 1684 2461 inter
1702 2406 1795 2468 nos,
1821 2402 1889 2488 qur

541 2475 621 2566 ejus
639 2478 774 2555 merita
795 2476 1010 2559 constanter
1026 2479 1315 2559 venerabimur,
1337 2486 1377 2562 &
1401 2480 1440 2557 in
1461 2480 1579 2559 seram
1601 2478 1716 2585 usque
1734 2475 1889 2581 posterr-

540 2590 661 2651 tatem
686 2598 733 2651 ex
752 2574 830 2667 eius
848 2576 1027 2681 exemplo
1047 2568 1233 2657 discemus
1258 2604 1346 2657 vere
1364 2577 1514 2683 sapere,
1546 2582 1585 2656 δι
1603 2578 1664 2681 pie
1683 2602 1815 2677 agere,
1838 2566 1888 2650 ad

539 2670 617 2748 Dei
643 2668 822 2750 Gloriam
845 2677 884 2752 &
912 2670 1081 2752 Ecclesiae
1105 2673 1279 2765 bonum,
1307 2681 1346 2757 &
1369 2701 1442 2778 pro
1473 2676 1568 2755 riam
1589 2670 1759 2753 nostram
1780 2668 1884 2777 Salu-

540 2785 637 2844 tem.
688 2764 731 2845 ld
756 2788 886 2850 autem
907 2797 1026 2850 omne
1049 2767 1143 2848 faxit
1162 2773 1267 2850 Deus
1286 2796 1329 2854 ut
1346 2799 1426 2878 prae
1458 2799 1567 2852 emus
1586 2769 1755 2849 alacriter
1774 2773 1813 2846 &
1831 2792 1888 2878 rn-

540 2857 791 2942 desinenter!
815 2871 848 2946 ts
875 2887 997 2946 artam
1027 2865 1077 2945 fic
1100 2866 1272 2948 nostram
1297 2897 1386 2950 vere
1416 2870 1615 2951 ornaturi,
1653 2888 1766 2971 atque
1789 2862 1887 2940 olim

540 2966 697 3080 ptaemia
713 2959 768 3039 lar
796 2964 807 3039 i
840 2988 917 3044 trna
937 2991 1005 3068 per
1017 2961 1128 3070 ipsius
1150 2965 1326 3046 Gratiam
1346 2965 1587 3046 consecuturi
1609 2967 1649 3040 in
1662 2962 1757 3041 loeto
1784 2982 1887 3037 nunc

539 3083 564 3136 a
590 3055 702 3134 nobis
719 2987 937 3142 abirtorum
956 3062 1306 3165 Spanhemiorum‚
1331 3061 1650 3170 Triglandiorum
1668 3065 1708 3138 &
1727 3056 1884 3136 WlTSl-

538 3154 715 3244 ORUll,
741 3159 838 3306 (tuin
857 3161 897 3244 &
923 3155 1126 3236 beatorum
1154 3161 1334 3239 omnium
1361 3161 1571 3240 hominum
1593 3160 1632 3236 &
1656 3153 1887 3264 angelorum

536 3251 764 3330 Consortio.
798 3255 876 3349 Qui
888 3251 992 3332 idem
1008 3259 1111 3332 Deus
1123 3251 1348 3339 Ecclesiam,
1374 3261 1559 3346 Patriam,
1585 3251 1886 3333 &Academiam

537 3347 661 3436 hanc,
687 3343 754 3426 sibi
774 3349 995 3439 conservet,
1022 3353 1062 3428 &
1083 3371 1221 3465 augeat
1235 3351 1524 3530 potentissime,
1552 3351 1589 3432 su
1621 3349 1760 3430 crstites
1780 3349 1888 3457 Doc-

588 3465 691 3524 tores
711 3451 816 3526 uniat
835 3450 874 3525 in
899 3447 1026 3528 saneto
1044 3451 1214 3530 nominis
1249 3452 1287 3530 ui
1308 3453 1451 3532 timore
1469 3449 1560 3530 arsti
1593 3476 1668 3529 rme
1688 3500 1700 3536 2
1736 3448 1776 3551 &
1796 3468 1836 3521 1¹1

637 3543 762 3622 vicem
787 3541 1059 3623 decedentium
1083 3543 1279 3626 substituat
1297 3575 1401 3627 nunc
1437 3553 1476 3627 &
1505 3548 1651 3650 semper
1680 3543 1790 3622 bem·

684 3636 859 3741 gnillime
887 3642 1005 3722 Viros
1032 3639 1283 3746 Dignisl'tmos
1313 3647 1354 3724 ὅ(
1374 3642 1626 3734 Utilillimos‚
1672 3643 1739 3742 qui

733 3740 981 3846 juventutem
1000 3739 1245 3846 numerosam
1266 3738 1315 3819 ad
1337 3741 1489 3846 publica
1512 3767 1694 3820 commo-

780 3828 830 3910 da
852 3829 1009 3942 sollicite
1027 3839 1067 3916 δι
1087 3835 1246 3916 feliciter
1263 3835 1456 3928 forment,
1484 3843 1523 3918 ὅ(
1544 3837 1644 3918 sum-

830 3955 887 4010 mi
906 3932 1084 4012 Numinis
1106 3931 1312 4026 Gloriam,
1340 3937 1401 4014 cui
1421 3936 1488 4014 uni
1509 3963 1597 4016 om·

919 4051 988 4122 nes
1014 4027 1125 4110 litare
1160 4027 1293 4121 decet3
1327 4029 1500 4114 multum

1064 4137 1353 4230 promoveant!

958 4318 1382 4442 „DIXl

1135 4525 1255 4632 *33
