4909 5425
961 478 1147 571 eale
1168 451 1273 567 aa·
1301 476 1389 566 rr
1415 478 1469 569 o.
1601 556 1605 565 .

545 621 627 711 Sed
647 617 767 725 addit
780 621 999 734 Propheta
1018 621 1069 706 ad
1087 622 1305 731 legatum:
1334 614 1525 707 ostendit
1538 615 1648 705 mihi
1676 614 1874 743 Jehovass

545 763 648 821 eum
667 735 852 820 omnino
875 734 1137 823 moriturum
1157 761 1170 839 3
1202 730 1353 817 exalia
1376 723 1543 836 cautla,
1572 731 1774 818 nimirum
1793 752 1874 819 tuo

544 851 709 941 scelere.
765 847 994 934 Verum&
1028 850 1116 931 hoc
1153 844 1328 931 videtur
1353 843 1566 936 coactum.
1625 848 1873 959 Qromodo

546 961 661 1047 enim
678 958 770 1048 haec
799 962 1024 1075 prophetae
1057 959 1213 1062 verba,
1242 958 1298 1042 lic
1336 958 1554 1069 expofita,
1598 956 1645 1045 in
1671 959 1878 1046 continua

546 1074 747 1161 oratione
775 1071 1026 1159 coherent?
1055 1070 1242 1157 omnino
1269 1071 1525 1176 revalesces,
1576 1076 1754 1159 morbus
1774 1090 1875 1159 tuus

543 1215 636 1275 non
653 1187 778 1272 estex
800 1189 873 1272 sua
892 1205 1045 1272 natura
1061 1183 1228 1270 lethalis
1245 1202 1259 1274 t
1288 1185 1329 1270 dt
1347 1184 1534 1271 ostendit
1557 1184 1666 1272 mihi
1684 1188 1874 1312 Jehova‚

544 1329 646 1387 eum
665 1297 745 1385 else
761 1296 1040 1388 moriturum.
1098 1300 1151 1383 Et
1182 1313 1297 1380 cette
1316 1323 1405 1381 non
1436 1297 1671 1384 convaluit·
1686 1326 1738 1383 ex
1759 1325 1877 1384 mor·

543 1417 604 1509 bo
619 1413 904 1499 Benlradadus.
958 1407 1165 1497 Postridie
1181 1408 1329 1500 enim,
1358 1410 1525 1520 aeger&
1553 1410 1600 1495 in
1625 1412 1778 1497 lediulo
1801 1438 1875 1498 cu.

543 1530 670 1628 bans,
701 1525 905 1636 deaque,
925 1522 1182 1626 utvidetur‚
1212 1521 1475 1633 refrigerium
1494 1540 1668 1634 petens,
1685 1522 1876 1610 ¹intincta

544 1639 591 1726 in
632 1663 787 1749 aquam
824 1635 1007 1747 stragula
1040 1637 1234 1720 scelerate
1259 1637 1312 1720 ab
1340 1636 1523 1720 Hazaele
1548 1635 1777 1723 suffocatus
1795 1627 1875 1724 'est

543 1751 627 1839 Alii
649 1750 833 1861 denique
849 1754 979 1835 verba
1001 1749 1057 1833 fic
1079 1747 1442 1860 interpretantur,
1471 1767 1521 1834 ut
1546 1753 1713 1836 nullum
1733 1749 1803 1832 hic
1824 1751 1874 1836 lit

543 1862 666 1951 Vatis
688 1883 975 1975 praeceptum,
1003 1861 1071 1945 sed
1098 1879 1265 1945 tantum
1297 1860 1518 1974 praedidiio
1553 1881 1766 1949 eventus:
1810 1879 1874 1947 at·

541 2006 630 2091 que
645 1977 926 2088 imperativus
945 1992 1135 2087 ponatur
1157 2000 1241 2085 pro
1257 1973 1406 2058 futuro
1421 1973 1669 2081 indicativi,
1696 1992 1748 2062 ut
1764 1975 1872 2087 saepe

540 2094 602 2177 fit
660 2091 743 2174 Pro
755 2092 955 2200 exemplo
969 2090 1038 2172 fit:
1064 2087 1252 2205 Joh.11.
1275 2111 1340 2182 19.
1357 2085 1496 2190 solvite
1518 2091 1708 2201 templum,
1736 2089 1781 2173 id
1810 2087 1871 2175 est

541 2203 732 2299 solvetis.
789 2202 901 2288 Vide
921 2200 1030 2305 Goss.
1064 2196 1309 2303 Grammfic.
1339 2196 1457 2280 Τναέῖ.
1489 2226 1581 2293 ιιι,
1616 2195 1706 2286 Casa
1725 2230 1872 2289 xe111.

534 2343 622 2432 pag.
643 2322 797 2427 margin.
815 2328 911 2416 358.
941 2315 1067 2399 Hanc
1088 2310 1403 2423 expolitionem
1422 2314 1581 2399 ceteris
1603 2316 1793 2427 praefert,
1829 2316 1872 2401 u

542 2434 756 2541 eleganter
781 2426 957 2516 illustrat
969 2426 1166 2511 laudatus
1192 2425 1325 2509 modo
1348 2423 1536 2538 th'ngae.
1592 2432 1651 2512 At
1683 2454 1812 2530 vero,
1841 2427 1871 2511 li

541 2540 709 2630 &mihi
728 2540 914 2628 dicendae
928 2537 1143 2625 sententiae
1158 2540 1282 2622 locus
1306 2538 1380 2641 lit,
1410 2534 1613 2622 incaffum
1648 2540 1688 2626 se
1710 2539 1872 2652 argutis

540 2653 586 2742 id
604 2678 741 2768 genus
759 2652 1083 2740 inventionibus
1104 2645 1288 2762 fatigalie
1307 2651 1436 2736 Viros
1456 2650 1760 2740 eruditillrmos
1782 2679 1872 2739 cre·

541 2771 617 2855 do.
674 2770 824 2880 Quum
843 2771 957 2852 nulla
977 2766 1206 2879 prorsusse
1224 2761 1450 2849 difficultas
1468 2766 1655 2876 prodat,
1684 2769 1712 2851 sr
1739 2770 1871 2853 verba

540 2883 603 2970 ita
617 2886 811 2995 legantur
825 2898 954 2991 atque
977 2877 1270 2991 intelligantur
1289 2876 1353 2963 uti
1384 2876 1625 2991 scriptionis
1648 2879 1871 2965 Hebraicae

541 2996 699 3081 veritas
722 2997 853 3081 habet
873 3022 887 3100 3
918 2994 1033 3077 sensu
1052 3007 1256 3102 negante,
1283 2992 1634 3096 nonrecanvalesces.
1660 2991 1873 3103 Equidem

542 3124 661 3196 tanta
675 3106 784 3193 mihi
803 3132 891 3191 non
910 3104 971 3190 est
984 3107 1324 3191 Masorethatum
1343 3102 1596 3208 auetoritas,
1624 3121 1674 3190 ut
1689 3109 1748 3190 ob
1762 3130 1873 3199 eam,

540 3222 618 3320 nili
638 3220 755 3332 iustis
770 3221 921 3306 fultam
937 3215 1180 3305 rationibus
1204 3275 1218 3321 ‚
1248 3234 1465 3328 areceptae
1487 3216 1682 3304 letiionis
1701 3219 1874 3306 ordina·

539 3337 603 3425 ria
630 3332 938 3449 fignificatione
957 3332 1183 3418 recedam:
1212 3346 1308 3420 tum
1338 3328 1542 3422 minime,
1571 3330 1645 3419 ubi
1658 3332 1776 3420 illam
1800 3332 1864 3426 in·

540 3449 684 3536 listens
702 3448 819 3535 viam
859 3443 1180 3530 difficultatibus
1204 3441 1437 3555 implicor,
1481 3444 1638 3555 quibus
1668 3446 1869 3533 tollendis
2021 3527 2023 3532 .

541 3562 831 3648 maximorum
849 3558 1122 3669 ingeniorum
1148 3558 1318 3641 solertia
1335 3557 1438 3660 vix,
1467 3555 1871 3645 autfortalienevix

542 3673 746 3786 quidem,
772 3700 851 3785 par
865 3672 934 3757 est
990 3671 1192 3757 Rationes
1208 3697 1234 3754 a
1249 3666 1489 3755 Clarifflmo
1512 3669 1688 3786 Wrringae
1706 3675 1757 3759 ad
1776 3675 1870 3771 Ma:

539 3784 765 3874 sorethicae
785 3782 1728 3897 observationis·propugnationemadducite,
1745 3785 1868 3896 quod

539 3929 648 4016 pace
663 3900 797 4012 iplius
815 3896 974 3983 diuum
997 3900 1076 3995 lit,
1104 3894 1251 4008 exigui
1267 3895 1377 3983 mihi
1405 3895 1609 4008 ponderis
1619 3898 1700 3985 ess'e
1717 3898 1867 3984 viden·
1970 3965 1972 3969 >

540 4034 623 4103 tur.
678 4014 794 4098 Nam
808 4015 971 4124 primam
996 4012 1117 4121 quod
1151 4009 1336 4103 attinet,
1370 4013 1607 4099 admodum
1639 4010 1868 4100 verilimile

540 4130 624 4224 est,
652 4153 743 4212 non
756 4142 844 4210 tam
863 4122 1052 4210 alienum
1071 4129 1125 4209 ab
1142 4127 1248 4209 aulae
1265 4122 1429 4210 artibus
1463 4128 1655 4214 animum
1675 4121 1865 4211 habuille

540 4237 804 4342 Haza‘elem,
830 4254 882 4324 ut
890 4253 1036 4349 grata,
1064 4236 1345 4348 quantumvis
1359 4240 1486 4343 falsa,
1516 4245 1646 4354 quam
1668 4240 1795 4343 dura,
1810 4238 1863 4324 li-

540 4371 613 4444 eet
634 4378 759 4453 vera,
788 4354 896 4440 hero
912 4352 1299 4551 annunciare*hzut
1314 4351 1525 4442 maluerit.
1580 4353 1709 4440 Certe
1733 4350 1863 4464 ipliut

1290 4492 1312 4568 3
1663 4466 1863 4557 moribus
