4909 5425
715 524 758 606 'aa
1116 516 1301 590 Lrn.1.
1368 515 1630 590 Car.VII.

720 645 751 721 ri
772 637 917 725 Moses,
944 637 1101 714 multum
1124 634 1189 711 fibi
1210 635 1379 712 molestiae
1401 633 1606 712 demendo:
1634 644 1671 710 at
1697 655 1786 711 non
1820 632 2012 734 exprobrat

721 743 947 842 imperitiam.
999 732 1155 814 Econtra
1184 758 1299 835 quum
1329 759 1383 810 res
1411 737 1584 810 maximas
1605 730 1912 833 difficilimasque
1935 735 2011 812 adl

721 842 781 919 sen
803 839 922 915 referri
943 837 1066 931 jubet,
1092 857 1137 910 eo
1165 833 1240 933 ipso
1263 833 1418 909 ostendit
1440 837 1565 933 quanti
1589 831 1835 933 prudentiam
1864 831 1975 933 ipsius
2027 838 2031 851 '

722 955 806 1017 met.
860 933 1101 1033 Dijudicanda
1134 931 1282 1033 quidem
1311 932 1455 1008 suerunt
1481 934 1604 1007 omnia
1635 953 1683 1006 ex
1709 928 1939 1032 praescripto
2084 1030 2088 1037 ⁵

721 1039 960 1118 Divinarum:
990 1046 1024 1110 at
1046 1055 1168 1108 earum
1193 1028 1238 1107 ad
1258 1030 1414 1131 singulos
1437 1031 1532 1107 casus
1553 1028 1749 1204 applicatio
1779 1052 1870 1105 non
1903 1030 2053 1133 vulgara

583 1166 589 1173 ·
721 1138 847 1238 judicii
870 1135 1051 1211 acritatem
1074 1132 1193 1229 exigit.
1247 1130 1346 1206 Nihil
1368 1130 1427 1207 hic
1450 1132 1485 1204 in
1500 1129 1603 1207 Moe
1624 1126 1866 1227 culpandum
1890 1128 1958 1207 nifi
1976 1134 2061 1207 oiri·

723 1236 941 1335 diligentia3
994 1254 1047 1306 uae
1069 1230 1139 1328 ipsa
1164 1242 1414 1328 argumentum
1431 1229 1487 1304 'est
1509 1230 1620 1303 animi
1647 1228 1863 1305 multarum
1889 1252 2002 1307 rerum
2103 1294 2107 1303 .

723 1340 845 1436 pacis,
872 1332 907 1407 &
931 1256 1108 1405 industriae
1128 1327 1378 1427 infatigabilis,
1404 1327 1523 1404 donec
1538 1330 1729 1404 communi
1743 1326 2036 1408 humanitatisla
2112 1340 2116 1379 ¹

723 1450 759 1511 te
782 1429 1033 1508 imbecillitatis
1055 1428 1122 1503 suae
1142 1440 1341 1503 moneatur.
2096 1508 2116 1521 ι,

541 1578 604 1646 XX
631 1576 690 1640 Ne,
772 1531 870 1611 XX.
898 1527 941 1607 Et
962 1530 1041 1628 quis
1068 1525 1140 1602 sine
1163 1524 1410 1625 indignatione
1432 1524 1573 1613 audiat,
1598 1522 1774 1618 defedibus
1798 1527 1914 1621 Mofis
1938 1556 2038 1605 aaran
2114 1554 2116 1573 ²

561 1624 670 1721 utiam
723 1642 793 1709 rari
812 1654 913 1726 preces
943 1629 1009 1702 itas
1034 1626 1196 1727 qarbusse
1214 1629 1259 1699 aai
1282 1634 1344 1700 Dei
1363 1626 1546 1720 anspertum
1564 1622 1696 1697 admitti
1712 1631 1841 1719 petit?
1869 1629 1965 1728 quast
1978 1630 2037 1703 ar'rl

531 1682 640 1832 fialam
724 1733 865 1808 concludi
883 1727 969 1824 paffit
998 1730 1094 1821 ipsum
1124 1724 1409 1822 tradidMseDeam
1439 1731 1492 1824 effe
1529 1744 1713 1817 corporeum.
1769 1722 1944 1805 ldemne
1970 1726 2037 1808 [itti

535 1816 708 1957 [ἄλ-’ξη-
725 1830 892 1914 credidit,
920 1825 1066 2000 puando
1087 1825 1198 1908 dixit,
1224 1834 1291 1946 ugo·
1303 1828 1468 1917 injustitia
1489 1823 1599 1897 videbo
1613 1823 1745 1945 vultune
1760 1842 1885 1901 tuum.
1916 1826 1966 1909 Pl
1977 1848 2035 1905 πυ.

539 1959 709 2108 aaut
725 1925 1071 2128 allatret
1084 1949 1140 2101 t,
1158 1923 1957 2127 ‘istis'lstlll‘ttlpisitistis}
1967 1950 2032 2111 t:

754 2127 874 2204 uando
897 2124 1063 2209 monuit,
1086 2124 1318 2216 posteriorassta
1341 2125 1527 2214 visitarant,
1553 2140 1589 2194 at
1608 2126 1725 2213 sacient
1749 2124 1872 2198 uideri
1897 2154 1961 2201 naa
1978 2125 2030 2223 PM

782 2228 842 2304 od.
856 2247 1019 2321 xxxrrr.
1033 2246 1090 2318 23.
1115 2221 1314 2321 &quando
1337 2220 1382 2297 de
1403 2220 1506 2299 Mose
1526 2220 1670 2296 testatus
1691 2220 1762 2306 est,
1791 2222 2038 2325 adspicerem

727 2326 826 2408 aaran
856 2347 957 2404 aaron
984 2319 1126 2417 samam
1159 2319 1257 2395 Dei?
1292 2320 1395 2419 quod
1433 2319 1549 2396 modo
1584 2343 1604 2395 a
1639 2319 1746 2397 nobis
1772 2321 1829 2397 est
1866 2324 2041 2425 exponar

729 2419 831 2516 Quid
859 2420 907 2494 est
932 2441 995 2494 cur
1015 2420 1135 2495 credat
1157 2419 1342 2508 Clericus,
1366 2443 1443 2495 non
1462 2416 1613 2519 potuisse
1628 2415 1759 2497 Mosen
1780 2418 2043 2539 distinguere'r·

617 2565 627 2585 .
728 2532 783 2596 ter
808 2516 983 2593 visionem
1006 2517 1150 2595 Divinae
1171 2518 1367 2595 substantiae
1389 2522 1441 2594 uti
1461 2540 1666 2618 corporeae,
1719 2540 1776 2593 uae
1800 2523 1935 2599 oculrs
1954 2542 2044 2623 corp
2086 2614 2089 2619 ¹

419 2666 424 2675 ·
486 2681 490 2693 .
612 2690 615 2694 .
729 2621 776 2695 ris
802 2616 887 2708 fiat3
913 2619 1006 2692 inter
1036 2615 1209 2699 vifionem
1242 2617 1538 2702 intelletlualem,
1565 2638 1644 2718 quae
1675 2542 1748 2693 [Ma
1775 2634 1916 2698 mente
1943 2642 2045 2724 perag

731 2717 877 2810 tur;·&
902 2719 995 2792 inter
1019 2715 1193 2793 visionem
1217 2715 1289 2793 Dei
1305 2719 1352 2791 in
1382 2716 1662 2796 extraordinario
1693 2717 1821 2818 aliquo
1850 2721 1893 2796 ἃ
1924 2721 2047 2800 loculo

729 2814 861 2895 tilfimo
879 2813 1042 2916 symbolo
1063 2817 1129 2892 suae
1148 2816 1301 2991 gloriae?
1329 2816 1403 2893 Cur
1427 2841 1506 2894 earn
1529 2815 1645 2892 solum
1668 2841 1687 2893 a
1711 2816 1819 2895 Mose
1847 2819 2048 2898 desiderant

730 2916 831 3001 vult,
858 2938 937 3016 quae
961 2916 1006 2989 ab
1033 2918 1135 2992 omni
1169 2940 1233 2991 ana
1254 2919 1391 2991 ratione
1405 2918 1468 2992 lon
1497 2915 1605 2991 iffirne
1623 2914 1784 3000 abludit,
1813 2919 2050 3024 quamque&
2081 2919 2090 2934 '

730 3016 872 3131 surdam
904 3014 940 3089 &
972 3016 1022 3089 im
1052 3015 1224 3093 olsrbilem
1259 3012 1347 3101 elle,
1375 3039 1421 3092 ne
1492 3016 1654 3091 entilium
1681 3014 2052 3198 qffldfm.pffi¹⁰sffi

731 3114 977 3190 nescivemnt:
1044 3137 1094 3190 aec
1118 3137 1240 3213 aerugo
1266 3115 1369 3199 sunt,
1394 3115 1431 3190 &
1456 3114 1579 3191 succus
1607 3126 1689 3190 atrae
1712 3112 1892 3216 lolrgrnrs.
1950 3119 1992 3198 M

732 3214 769 3287 ἃ
787 3212 954 3287 sincerius
976 3214 1021 3288 de
1042 3212 1144 3291 Mose
1167 3212 1296 3290 Paulus
1316 3237 1325 3289 τ
1347 3214 1516 3293 Heb.xr.
1530 3239 1587 3311 27.
1619 3216 1672 3287 'tir
1697 3211 1761 3309 ,aig
1785 3220 1924 3312 iteam
1956 3222 1993 3298 ἁ
2016 3217 2049 3248 ''
2092 3301 2096 3314 ¹

734 3319 917 3406 inagitata,
971 3315 1088 3412 Atque
1106 3311 1199 3389 hanc
1231 3313 1378 3413 quidem
1406 3314 1614 3415 apologiam
1637 3312 1738 3391 samae
1758 3313 1884 3396 Mosrs
1911 3321 2022 3423 iniq'
2108 3321 2110 3328 '

732 3413 802 3489 mis
824 3410 1053 3487 contumeliis
1073 3409 1157 3487 laesae
1180 3410 1335 3487 debuisse
1358 3436 1418 3489 me
1441 3414 1602 3492 arbitror.
1721 3521 1725 3530 Ι

1086 3681 1090 3686 .
1203 3611 1236 3691 C
1285 3612 1318 3690 A
1367 3612 1429 3696 P.·
1479 3610 1611 3697 VIII·

796 3800 875 3903 An
896 3790 1196 3902 vaticinandi
1224 3795 1431 3945 potestas
1460 3797 1655 3904 homini
1679 3804 1920 3910 naturalis
1950 3801 2033 3914 fit?

738 4025 764 4105 I.
783 4033 859 4101 Tria
878 4033 959 4099 circa
984 4023 1184 4121 prophetandi
1207 4025 1399 4125 facultatem
1419 4024 1555 4126 quafita.
1581 4022 1621 4101 ll.
1643 4035 1725 4101 Eam
1754 4025 1881 4104 bomini
1907 4019 2065 4115 naturdn

789 4130 867 4225 effe,
891 4124 1022 4226 quidam
1043 4143 1193 4223 pugnant.
1222 4123 1279 4203 ΙΙΙ.
1304 4133 1407 4199 Prima
1432 4134 1507 4225 quia
1528 4135 1674 4200 memoria
1691 4134 1869 4220 praeteriti,
1896 4161 1973 4236 qua
1993 4137 2066 4212 aala-

790 4226 837 4299 bie
859 4229 1015 4300 naturalis
1037 4227 1097 4316 esi,
1122 4251 1205 4321 aque
1220 4225 1329 4321 facilis
1350 4244 1408 4298 aut
1429 4225 1559 4315 difficilis
1583 4222 1636 4321 affe
1658 4226 1787 4299 videtur
1799 4278 1812 4315 ,
1836 4256 1947 4330 quana
1970 4259 2068 4332 praua·

789 4333 833 4397 tio
852 4330 972 4419 futuri.
1009 4321 1071 4400 IV.
1099 4323 1239 4405 Deinde,
1265 4335 1343 4423 quia
1367 4332 1552 4397 vaticinatio
1572 4333 1665 4399 etiam
1685 4334 1925 4419 praeteritorun
1948 4363 1990 4410 ac
2010 4361 2070 4432 pta·

784 4423 927 4513 ,tartum
948 4430 994 4521 est.
1045 4421 1091 4502 V.
1115 4433 1211 4498 Parra
1223 4472 1236 4509 ,
1258 4434 1334 4522 quia
1361 4425 1456 4524 multi
1483 4433 1578 4498 morti
1605 4432 1748 4521 appropia
1768 4447 1892 4506 uanus
1914 4441 2071 4512 vaticani

783 4521 872 4614 stant.
898 4519 964 4608 Vl.
984 4531 1150 4630 Denique,
1175 4530 1251 4626 quia
1274 4523 1428 4621 cupiditas
1439 4523 1561 4622 futttra
1591 4452 1780 4626 cognoscanz'
1798 4534 1922 4611 iatam
1951 4541 2072 4715 gidan-

2034 4659 2070 4712 li·
