4909 5425
416 3063 419 3067 ·
550 3023 660 3103 tione
680 3029 788 3140 gravi
810 3029 851 3106 δι
873 3025 1039 3130 eleganti
1072 3025 1224 3130 prorsus

1027 478 1377 580 onirio
1529 406 1550 453 ’

628 712 835 797 dunensem
867 710 1038 793 nostram
1068 710 1248 793 vocando
1284 709 1379 791 serio
1414 715 1628 817 cogitarent
1653 710 1781 805 hu'rtrs
1821 709 1893 789 illu
1917 664 1928 693 Ι·

635 817 697 893 nni
716 818 922 891 C'tiratores
950 836 1040 888 cum
1061 804 1342 913 spectatissimis
1367 807 1478 889 Urbis
1496 802 1738 899 Consulibus
1779 810 1892 886 Anno
1919 868 1921 885 .

536 654 619 797 {J

537 812 602 893 stri

538 908 711 989 XCVlll.
742 932 785 989 ut
814 905 863 987 fic
890 905 1038 1011 damno
1063 926 1330 984 occurreretur
1361 904 1510 983 inarare
1539 898 1649 1011 quod
1673 912 1729 982 t'x
1766 903 1892 983 instare

537 1005 622 1087 viso
646 1007 778 1111 Magni
795 1001 1014 1115 Spanbemii
1033 998 1183 1112 decessu
1204 999 1458 1081 metuebatur.
1479 1099 1485 1113 .
1509 1004 1554 1078 Et
1568 998 1717 1112 placuit
1730 1000 1888 1113 Guber-

539 1103 668 1181 natori
691 1098 823 1181 nostro
843 1121 998 1202 optimo
1025 1122 1071 1175 ac
1091 1102 1368 1177 Britannorum
1392 1104 1488 1211 Regi
1506 1090 1785 1200 potentlffimo
1808 1100 1892 1176 Gui-

541 1197 677 1278 lielmo
695 1203 755 1277 ΙΙΙ.
776 1194 1005 1275 immortalis
1024 1192 1169 1274 Gloriae
1183 1195 1344 1306 Principi
1363 1188 1599 1305 felicissimo,
1626 1188 1741 1271 idem
1775 1192 1893 1307 “consi

541 1295 670 1384 lium,
704 1320 776 1404 pro
802 1320 845 1371 ea
877 1318 953 1399 qua
978 1312 1057 1369 erat
1082 1288 1268 1369 constanti
1326 1311 1434 1373 ietatc
1466 1316 1508 1369 ιιι
1524 1294 1656 1387 Deum
1680 1292 1724 1368 &
1744 1288 1840 1371 Fide
1859 1318 1894 1369 ac

543 1388 745 1493 prudentia
761 1391 838 1493 pari
857 1392 897 1466 in
919 1383 1118 1466 Ecclefiam
1135 1390 1175 1466 δι
1191 1392 1273 1465 Aca
1303 1390 1446 1465 emiam
1468 1384 1654 1465 nostram.
1707 1388 1802 1467 Nec
1819 1414 1896 1467 mo·

541 1514 584 1565 ra
602 1485 676 1563 ulla
699 1484 794 1573 fuit,
820 1483 881 1563 vel
900 1488 940 1562 in
960 1484 1166 1562 vocatione
1182 1480 1235 1563 ad
1257 1486 1397 1561 Munus
1425 1479 1641 1562 Ptofellon's
1661 1481 1897 1591 Theologia

541 1578 645 1693 apud
667 1608 738 1660 nos
758 1578 1017 1668 decernenda,
1044 1584 1084 1659 δι
1107 1576 1334 1690 exequenda
1354 1578 1417 1660 vel
1437 1582 1478 1693 Ιιιι
1494 1575 1629 1673 eadem
1643 1576 1830 1695 ‚ab-ipso
1847 1606 1897 1658 ac·

545 1670 1812 1884 lisinniaslsslllffssatlluslsliffllll‘ilsensili:
1838 1678 1900 1853 ll

550 1866 866 1982 Lugdunenlium
889 1874 1104 1947 invitationi
1125 1867 1337 1972 parendum
1368 1867 1436 1946 sibi
1460 1866 1531 1947 elle
1556 1864 1796 1949 existimaret
1810 1902 1821 1960 3
1847 1898 1899 1949 rt·

548 1985 610 2042 tus
626 1962 667 2045 id
685 1970 867 2045 ommino
887 1963 959 2043 elle
982 1990 1029 2042 ex
1050 1992 1089 2041 re
1111 1988 1219 2067 aequc
1239 1964 1301 2043 sua
1328 1990 1444 2069 quain
1464 1962 1654 2053 Ecclesiae,
1694 1988 1744 2045 ut
1770 1966 1854 2046 aiSu
1878 2014 1894 2027 -

546 2058 671 2164 gestus
688 2060 903 2142 Laboribus
920 2059 1010 2139 dein
1030 2088 1141 2141 exem
1158 2061 1375 2173 ‘tus-leniles
1399 2088 1521 2141 annos
1540 2060 1628 2139 suos
1648 1992 1881 2169 reliquosfi

548 2153 752 2264 cademicis
773 2156 995 2237 commodis
1012 2176 1122 2265 tanto
1141 2086 1294 2268 llbenus
1315 2155 1538 2271 impendere
1586 2154 1693 2237 ollet.
1751 2160 1901 2240 Praeser-

545 2272 618 2362 tim
637 2280 728 2331 cum
754 2250 803 2332 de
822 2258 1017 2363 voluntate
1038 2255 1286 2363 Potentillinii
1305 2258 1363 2335 Re
1404 2280 1506 2361 sper
1567 2252 1712 2365 ustrem
1734 2256 1899 2337 Hollan·

545 2344 621 2427 diac
650 2348 919 2431 Consiliariurn
936 2348 1135 2429 Heinlium
1167 2372 1349 2431 certiore
1378 2372 1418 2429 et
1444 2352 1573 2431 laetus.
1624 2350 1694 2431 Uti
1717 2350 1901 2459 deinceps

546 2448 560 2525 i
590 2444 624 2523 le
646 2451 729 2525 Rex
747 2444 796 2526 ad
816 2446 1069 2553 Colloquium
1089 2444 1250 2524 admisso
1271 2448 1436 2527 comiter
1451 2446 1599 2527 testatus
1619 2448 1714 2539 fuit,
1744 2470 1901 2557 gratum

546 2468 615 2621 ilbi
638 2540 744 2621 fuille
766 2541 875 2648 quod
902 2544 1107 2621 Vocationi
1128 2540 1177 2621 ad
1194 2539 1496 2647 Lugdunensem
1522 2540 1760 2623 Cathedram
1787 2546 1900 2628 seau-

547 2657 634 2717 tore
644 2635 805 2719 decretae
825 2636 1025 2718 obsecutus
1036 2636 1144 2719 esset,
1168 2635 1296 2720 addita
1310 2636 1560 2746 promissione
1573 2667 1636 2722 ani
1666 2638 1817 2723 lissima
1834 2651 1903 2725 Re·

579 2737 602 2813 'i
629 2735 683 2812 sui
711 2737 887 2826 Furoris,
913 2761 1042 2844 'quam
1069 2735 1217 2839 &ipso
1244 2764 1271 2816 o
1322 2763 1362 2816 re
1384 2737 1513 2847 postea
1544 2763 1621 2844 prae
1652 2739 1714 2816 itit
1742 2741 1903 2850 semper.

595 2834 720 2912 uneris
745 2857 839 2911 vero
870 2829 924 2909 sui
942 2857 1033 2910 cuni
1060 2833 1137 2912 huc
1156 2835 1244 2913 veni
1274 2857 1311 2911 et
1333 2832 1559 2941 Auspicium
1582 2829 1685 2938 apud
1718 2863 1798 2918 nos
1819 2841 1903 2916 lecit

549 2955 599 3008 ex
621 2927 700 3006 hoc
725 2925 806 3032 ipso
832 2928 925 3008 loco
959 2931 1032 3008 Die
1053 2931 1158 3009 XVl.
1182 2931 1363 3010 octobris
1389 2927 1620 3041 laetill'ununi
1646 2929 1784 3038 habita
1810 2939 1904 3012 Ora-

548 3143 657 3224 gtim.
690 3126 849 3232 ⁹linqua
866 3119 942 3199 fide
962 3126 1103 3230 Munus
1130 3121 1232 3200 idem
1244 3025 1705 3234 bblcldgllegbcrbnblbsst
1716 3029 1903 3228 {elleebllt

548 3241 624 3322 qua
641 3215 849 3296 alliduitatc
870 3216 1117 3308 laboraverit,
1145 3244 1219 3325 qua
1242 3223 1429 3323 Sapientia
1455 3224 1495 3299 δι
1530 3216 1731 3299 Prudentia
1756 3221 1906 3304 docue·

550 3332 619 3401 tit,
646 3336 720 3424 qua
742 3315 933 3420 Elegantia
953 3310 1123 3402 dixerit,'
1140 3341 1216 3424 qua
1239 3313 1435 3396 Alacritate
1458 3315 1647 3420 disputans
1666 3311 1905 3406 disseruerit,

546 3411 959 3585 illillssfflelllli
993 3411 1907 3594 “¹¹l30si3lalfs2llzsissiasinsin?

548 3600 646 3708 aden
663 3533 779 3710 nostls
792 3629 930 3707 omnes
948 3553 988 3681 sl
1005 3531 1152 3684 agustat
1168 3533 1265 3684 bibi
1278 3607 1372 3695 toti,
1400 3629 1442 3685 ut
1463 3633 1542 3687 non
1565 3603 1610 3684 sit
1623 3603 1730 3712 quod
1753 3633 1850 3690 inea
1870 3561 1905 3694 se,

552 3698 642 3776 heic
667 3701 777 3782 lanus
810 3696 1001 3778 diffundat
1027 3703 1167 3779 oratio.
1226 3702 1338 3779 Enim
1375 3729 1468 3780 vero
1500 3706 1563 3783 vix
1595 3728 1739 3780 annum
1778 3731 1906 3790 unum

551 3789 917 3994 ranimiri
934 3795 1908 3983 transnantinigrinianus

490 4009 493 4014 ·
547 4009 664 4074 runi,
690 3987 729 4063 in
754 3987 884 4066 locuni
902 3993 964 4093 pie
984 3987 1154 4068 defundi
1172 3995 1357 4097 Regenris
1375 3993 1492 4071 Marci
1521 3989 1630 4083 Ellii,
1656 3991 1770 4070 Colle
1806 3997 1829 4078 'i
1851 3997 1906 4078 sui

545 4079 802 4190 Tlieulogici,
829 4087 969 4190 inquo
992 4085 1226 4188 Reipublicae
1251 4086 1324 4167 suae
1349 4089 1511 4168 Alumni
1530 4094 1569 4169 in
1598 4089 1687 4168 enui
1708 4084 1759 4167 ad
1806 4095 1907 4176 ccle-

544 4175 606 4256 l'ire
632 4177 844 4289 commoda
869 4181 1066 4271 crescunt,
1095 4211 1227 4262 curam
1249 4185 1287 4264 su
1318 4211 1464 4264 reniam
1491 4193 1562 4265 Wl
1619 4187 1717 4266 810
1737 4189 1905 4278 nostro,

545 4271 797 4446 placidissime.
818 4283 1067 4390 juventutem
1096 4283 1203 4360 suam.
1226 4279 1279 4358 du
1322 4307 1420 4372 uro,
1454 4283 1753 4362 commiserunt,
1796 4285 1908 4371 salvo

575 4393 700 4450 onore
720 4403 833 4458 omni
850 4381 890 4460 δι
908 4377 1092 4481 dignitate
1103 4378 1271 4458 Muneris
1289 4375 1526 4482 Proielsorii‚
1552 4375 1663 4490 quod
1670 4383 1720 4557 gp
1742 4383 1907 4560 inssyiro

656 4503 660 4510 ·
1318 4517 1322 4524 ·
1719 4503 1773 4557 ari
1810 4507 1902 4564 imo
