4909 5425
698 558 785 641 ‘420
1081 530 1682 616 er.'ll.D1·ssrn'r.II·1.

702 655 1083 764 ,quodintelligendum
1105 658 1203 732 datur
1215 661 1324 739 Exod
1337 687 1405 737 xxr
1416 684 1471 738 11.
1484 685 1519 741 2·
1556 667 1614 736 Ne
1616 661 1769 760 sequeris
1772 660 1889 756 plures
1900 660 2039 739 aare.

709 764 811 840 Unde
825 758 987 846 insertur,
1007 759 1157 833 omnino
1173 786 1232 832 eos
1248 758 1310 833 effe
1332 760 1523 865 sequendos
1533 760 1570 832 in
1594 759 1748 837 bonum.
1800 763 1972 851 Additur,
1980 764 2036 861 pq!

705 867 813 966 plures
823 861 1012 939 inclinando.
1044 859 1082 933 N
1084 883 1132 931 on
1143 860 1238 943 enim
1246 880 1286 933 ut
1294 859 1483 934 in‘bonum
1501 907 1512 942 ,
1533 860 1581 931 ita
1591 857 1750 934 similiter
1758 861 1797 933 in
1811 866 1951 938 malum
1961 914 1974 953 ‚
1989 865 2026 936 ir·

708 963 906 1041 clinatioest
927 956 1105 1033 facienda·
1123 962 1168 1031 In
1182 952 1321 1033 bonum
1330 963 1386 1034 vel
1394 958 1554 1051 exunius
1570 957 1737 1033 sententia
1750 964 1984 1059 pronunciare
1997 964 2025 1036 li

702 1084 784 1151 cet3
802 1062 839 1135 in
847 1062 981 1135 malum
990 1084 1063 1132 non
1072 1108 1085 1146 ‚
1100 1054 1361 1134 nisrfiduorum-
1368 1054 1814 1159 suffiagiapraeponderent.
1830 1128 1837 1135 .
1868 1065 2024 1160 Jamcon·

705 1160 972 1256 seffusjudicum
984 1184 1060 1232 non
1069 1156 1117 1257 est
1125 1177 1163 1232 ut
1174 1159 1271 1257 parili
1279 1159 1410 1234 constet
1428 1183 1591 1232 numero.
1620 1160 1714 1260 Ergo
1732 1163 1785 1233 his
1800 1188 1896 1237 unus
1911 1163 2022 1262 insupe

704 1259 893 1344 addendus.
928 1255 1188 1335 Habes'xxrrl.
1214 1256 1587 1334 Exstanthaecsanled.
1610 1266 1689 1358 Cap.
1711 1283 1745 1336 1.
1759 1267 1803 1348 5.
1817 1284 1881 1337 vr.
1902 1261 2022 1360 Atquil

706 1361 803 1437 aliod
816 1359 914 1449 sunt,
931 1355 995 1431 nili
1009 1356 1277 1459 argutiaeinanes
1289 1359 1478 1432 hominum
1486 1357 1766 1528 inieniosotio,
1784 1364 1840 1450 δι,
1857 1361 2022 1459 quodum·

707 1463 811 1536 nium
838 1456 1074 1560 turpissimum
1093 1457 1158 1548 est,
1182 1457 1258 1557 ipso
1277 1460 1346 1534 Dei
1372 1456 1484 1533 verbo
1505 1483 1525 1531 a
1566 1457 1700 1534 nullam
1724 1487 1803 1536 rem
1817 1463 1944 1538 utilem
1958 1460 2023 1537 abu·

708 1561 893 1643 tentium?

523 1653 698 1735 ΝΜ*
811 1662 859 1735 X.
885 1654 1395 1747 Habebantautemconseffum
1409 1681 1543 1737 xx111.
1565 1657 1776 1735 virorumin
1803 1661 2025 1758 omnibusq-

523 1733 660 1796 diamo-

523 1830 664 1895 rumque

521 1894 682 1973 heparti-

520 1984 604 2045 Μ’,

709 1766 798 1861 pidis
807 1761 999 1856 majoribus,
1020 1760 1082 1835 ubi
1090 1761 1166 1858 plus
1178 1781 1283 1856 quam
1292 1782 1359 1830 cxx
1371 1777 1482 1854 patres
1490 1756 1632 1832 familias
1643 1758 1749 1834 'erant
1796 1763 2023 1851 Quamvis&

714 1862 1022 1948 Nebemr'asdidlet,
1037 1884 1143 1937 cxxx.
1154 1879 1194 1930 ut
1203 1881 1350 1929 numero
1364 1857 1610 1930 decurionibus
1621 1855 1866 1956 respondeant.
1921 1869 2027 1939 Ister·-

705 1964 832 2064 sirlymri
846 1962 1003 2034 vero‘duo
1014 1957 1183 2054 ejusmodi
1201 1955 1366 2046 Synedria
1378 1975 1490 2028 erant:
1512 1980 1668 2054 quorum
1683 1960 1836 2032 alterum
1854 1960 1970 2036 sedem
1984 1965 2027 2038 ba

468 2142 483 2169 ⁵
548 2070 582 2149 ·‚'
712 2064 818 2139 bebat
831 2060 873 2136 ad
886 2067 1032 2134 Montenr
1049 2061 1193 2229 Templi,
1212 2056 1356 2128 alterum
1374 2055 1416 2129 ad
1438 2061 1577 2130 Atrium
1589 2059 1715 2150 stmplr‘.
1764 2061 1810 2132 In
1833 2061 1922 2134 illud
1938 2089 2029 2136 voct-

483 2204 486 2208 .
645 2219 649 2233 Ι
709 2158 1124 2238 bantureminoribusur
1153 2155 1231 2229 ibus
1244 2155 1309 2226 viri
1324 2157 1469 2254 egregii3
1493 2156 1572 2229 inde
1586 2159 1623 2229 in
1636 2159 1707 2230 hoc
1724 2158 2029 2253 transferendus·

642 2334 646 2341 ,
708 2263 773 2337 luti
784 2261 1063 2361 promtuarium,
1085 2257 1174 2331 unde
1183 2252 1331 2349 Conseffui
1341 2259 1492 2329 Maximo
1501 2255 1541 2328 de
1554 2256 2026 2379 peritiffimisjudicibusprp

708 2361 926 2461 spiciebatur.
977 2359 1040 2432 Uti
1061 2357 1123 2431 suo
1139 2358 1221 2430 loco
1230 2352 1333 2428 susrus
1344 2354 1562 2437 docebimus.
1608 2357 1697 2430 Non
1712 2357 2024 2435 adsciscebanturn

709 2463 804 2534 hunc
815 2461 976 2533 ordinem
986 2455 1299 2556 nisipraesiarrtrffimi
1310 2456 1439 2552 quique
1454 2454 1702 2545 Inanimum,
1721 2459 1763 2534 iis
1780 2459 1937 2534 instructi
1954 2460 2024 2534 doti·

708 2558 796 2647 bus,
815 2584 898 2656 quas
913 2559 1035 2652 jethro
1048 2553 1318 2629 commendabat
1332 2552 1446 2635 Mosr3
1472 2553 1514 2624 de
1531 2552 1658 2651 quibus
1667 2558 1845 2655 prolixius
1856 2560 1962 2633 nobis
1976 2561 2024 2633 erit

707 2658 915 2745 dicendum,
936 2655 996 2730 ubi
1012 2656 1156 2756 Collegii
1168 2654 1332 2727 omnium
1345 2655 1495 2727 Maximi
1509 2654 1684 2748 Synedros
1695 2656 1952 2735 describemus.
1994 2660 2022 2733 ln

708 2757 862 2837 consessu
879 2755 1209 2857 vigintitriumvirali
1231 2758 1317 2828 onere
1323 2777 1419 2853 genus
1441 2759 1546 2849 carcia
1565 2753 1869 2856 disceptabantur,
1888 2760 2023 2860 papalis

710 2860 881 2959 exceptis,
897 2855 1161 2956 quaereservatae
1176 2876 1271 2928 erant
1281 2853 1449 2947 Synedrio
1462 2856 1634 2928 Maximo.

567 2966 575 2982 ⁰
681 3013 697 3047 .,
807 2959 874 3039 ΧΙ.
900 2963 1018 3033 Modus
1036 2957 1209 3050 confidendi
1228 2954 1292 3027 suit
1307 2956 1391 3029 talis.
1426 2955 1707 3053 Repraesentabat
1725 2954 1888 3042 sormam
1908 2956 2024 3031 (limidi

686 3054 847 3134 'circulis
870 3061 968 3154 cujus
989 3055 1142 3130 mediam
1166 3051 1280 3129 sedem
1299 3053 1495 3153 occupabat
1516 3054 1651 3131 Praeses.
1692 3059 1843 3131 Dextrae
1859 3057 2027 3133 -adsidebu

705 3159 942 3257 Vice-praeses.
969 3157 1128 3244 Sinistrae‚
1138 3175 1178 3230 ut
1189 3154 1332 3253 quidam
1352 3156 1557 3251 opinantur,
1579 3156 1719 3254 Sapiens
1736 3158 1865 3256 aliquis
1887 3184 2027 3257 prtem·

703 3258 783 3329 teris
813 3256 962 3356 insignis.
1009 3259 1112 3329 Tunc
1130 3281 1237 3353 porro
1255 3252 1299 3327 ab
1321 3273 1472 3353 utroque
1496 3256 1599 3328 latere
1622 3256 1778 3356 Collegae
1797 3259 1940 3355 reliqui,
1986 3256 2027 3334 ll

701 3376 887 3453 utramque
902 3353 1037 3428 dimidii
1056 3356 1177 3433 circuli
1186 3355 1440 3427 extremitatem
1463 3354 1654 3429 collocatus
1672 3374 1743 3427 erat
1759 3356 1900 3434 Scriba.
1952 3355 2025 3434 lnln

701 3454 928 3529 confidebant
937 3476 1002 3528 tres
1016 3454 1153 3528 ordines
1167 3479 1292 3528 eorum
1306 3455 1366 3551 qui
1385 3451 1540 3553 discipuli
1555 3454 1756 3552 Sapientum
1767 3479 1970 3533 vocantur:
1990 3456 2025 3532 fic

548 3589 563 3621 .·
578 3556 585 3565 '
700 3574 742 3636 ut
753 3553 878 3658 singuli
892 3555 1031 3630 ordines
1041 3553 1429 3653 complecterenturxxr
1440 3576 1454 3629 1
1465 3578 1481 3627 1
1494 3551 1701 3651 discipulos,
1712 3554 1873 3629 totidem
1883 3560 2026 3658 quotie·

674 3676 852 3732 vitatote&
891 3659 931 3731 ln
940 3652 1100 3755 quolibet
1110 3650 1615 3752 ordineconlidebantquisque
1628 3653 1824 3728 secundum
1832 3655 2025 3759 dignitate!

700 3757 999 3833 smminscientia.
1052 3755 1086 3828 Si
1094 3750 1337 3826 diffensuseffet
1346 3754 1433 3825 inter
1442 3752 1643 3841 Senatores,
1663 3753 1750 3827 adeo
1763 3773 1806 3828 ut
1819 3755 2025 3834 neceffeele

701 3882 903 3958 quenquam
919 3881 960 3930 ex
978 3854 1152 3953 discipulis
1161 3852 1317 3936 ordinare
1326 3850 1368 3926 ad
1379 3852 1578 4023 aupendum
1591 3879 1780 3928 numerum
1796 3906 1808 3943 ‚
1824 3857 2024 3933 ordinabat

592 3979 595 3988 ’
702 3961 872 4131 exprimo
882 3954 1003 4029 ordine
1012 3979 1093 4027 eum
1102 3955 1163 4051 qui
1178 3955 1246 4028 illic
1255 3937 1416 4026 intecerle
1444 3972 1488 4025 at.
1524 3954 1762 4053 Etprimarius
1773 3953 2023 4034 ordinissecuu·

702 4055 737 4132 di
761 4084 884 4159 urgens
898 4052 1099 4130 considebat
1112 4055 1242 4127 inloco
1253 4050 1380 4127 infimo
1396 4050 1526 4126 ordinis
1526 4054 1664 4224 primi,
1684 4073 1725 4127 ut
1732 4054 1782 4127 ita
1798 4059 2023 4157 complerent

702 4155 941 4252 ejusdesedlus.
994 4154 1122 4228 Pariter
1133 4154 1266 4251 primus
1280 4151 1410 4226 ordinis
1421 4152 1512 4225 tertii
1540 4150 1647 4227 ellum
1656 4152 1965 4252 capiebatinloco
1981 4159 2022 4232 in·

700 4255 791 4333 fimo
809 4253 960 4331 secundi.
999 4255 1093 4327 Dein
1105 4251 1483 4354 [eligebantexpopulo
1491 4251 1555 4325 suo
1564 4255 1701 4351 reliquo
1709 4277 1850 4345 unsrun,¹
1874 4260 1910 4332 ἃ
1925 4259 2023 4333 colio

702 4355 919 4431 cabanteum
936 4356 972 4427 in
989 4356 1080 4427 tertii
1092 4352 1175 4427 loco
1184 4350 1322 4426 infimo.
1379 4354 1434 4427 Sic
1443 4341 1519 4450 ipso
1540 4349 1604 4427 usu
1624 4352 1783 4453 discipuli
1805 4355 1865 4450 jus
1887 4357 2023 4432 addisce

700 4454 806 4539 bante
831 4456 1018 4553 idoneique
1037 4451 1289 4546 reddebantur,
1307 4451 1369 4556 qui
1394 4450 1654 4557 surrogarennu
1679 4454 1863 4534 inlocum
1879 4459 2024 4535 morien·

2063 1182 2065 1197 l

2063 1348 2065 1359 ι

699 4556 794 4634 dum
802 4574 862 4634 aut
875 4554 1146 4657 decrepitorum.
1169 4603 1176 4616 κ
1523 4647 1526 4653 1
1948 4555 2019 4636 xn.

2067 4715 2070 4784 i

2059 4791 2072 5038 l
