4909 5425
707 509 773 582 Aa
802 507 969 581 Mosrs
999 503 1202 578 hucsoa
1235 498 1586 572 pentateucum·
1775 529 1814 592 ‚q

465 629 679 734 Assyriacae?
703 633 764 714 φεῦ
792 630 843 699 τῆς
865 616 1039 714 caveatas!
1065 613 1277 694 Haeccinea
1302 630 1338 694 te
1364 618 1583 705 creduntur,
1615 618 1810 704 acutissime

464 735 503 811 ἃ
523 724 787 828 judiciosrllime
801 717 968 798 Clerice?
993 717 1051 794 An
1070 713 1240 793 dicuntur
1260 722 1328 816 'per
1347 715 1574 795 ludibrium?
1599 721 1711 823 Atqui
1730 747 1809 802 nort

464 833 600 935 patitur
626 826 734 902 ludos
756 820 821 896 sibi
847 817 923 893 lieri
948 813 1065 894 Deus.

515 925 665 1009 XXX.
691 918 806 1016 Quod
840 914 866 991 s1
892 914 1076 1015 praesentes
1098 912 1187 991 mihi
1212 912 1322 991 Viros
1356 913 1465 993 hosce
1488 913 1614 995 doctos
1649 918 1804 999 hahuisse
1820 942 1924 1011 χχχ,
1935 948 1993 1014 Ar.

464 1031 592 1106 datum
612 1026 729 1114 soret3
755 1010 908 1110 libuisset
928 1013 1096 1112 equidem
1117 1011 1191 1090 hoc
1210 1035 1301 1100 eos,
1326 1013 1502 1090 autfimili
1523 1014 1686 1093 sermone
1700 1040 1805 1098 com·
1821 1027 1971 1090 lacaenae

491 1128 633 1204 ellare:
672 1121 709 1198 Si
733 1130 776 1194 tu
796 1110 979 1198 Hobbefi,
1005 1124 1046 1187 tu
1071 1109 1240 1211 Spnon,
1262 1123 1303 1189 tu
1326 1113 1486 1199 Simoni,
1514 1125 1555 1190 tu
1582 1115 1742 1204 Clericc,
1777 1117 1977 1198 limm-

464 1152 596 1305 {livini
617 1216 753 1321 aliquid
778 1218 817 1291 in
835 1209 1067 1290 Pentateuchi
1101 1208 1366 1310 compositione
1398 1210 1611 1312 agnoscitis,
1637 1216 1726 1317 quid
1757 1218 1807 1295 ita

464 1325 512 1401 de
533 1344 581 1399 eo
605 1315 820 1422 loquimini,
859 1320 904 1385 ut
926 1307 972 1385 de
1001 1307 1263 1408 Xenophontis
1283 1322 1346 1387 aut
1365 1309 1602 1410 Thycididis,
1627 1313 1674 1391 de
1697 1314 1807 1415 Poly·

463 1425 517 1501 bii
547 1432 609 1497 aut
634 1416 730 1498 Livii
756 1410 898 1489 historia
922 1429 1035 1483 nemo
1066 1406 1275 1506 loqueretur
1306 1408 1546 1498 Criticorum,
1573 1417 1611 1490 in
1646 1436 1806 1516 quorum

463 1522 603 1620 scriptis
627 1516 746 1594 decies
793 1510 847 1586 lus
868 1527 962 1583 curae
985 1504 1251 1605 deprehenditis
1273 1530 1384 1609 quam
1406 1510 1446 1584 in
1475 1512 1550 1589 hoc
1572 1511 1669 1591 sacro
1697 1514 1807 1592 volu·
1876 1578 1883 1600 ,

464 1616 608 1703 mine?
641 1615 680 1694 si
700 1534 792 1688 nihil
824 1607 896 1720 hic⁸
913 1602 1102 1702 agnoscitis
1133 1604 1283 1691 Divini,
1321 1629 1386 1684 cur
1414 1629 1492 1683 non
1522 1607 1703 1710 deponitis
1733 1613 1806 1690 lar.

464 1715 581 1794 vam?
602 1736 665 1793 cur
687 1709 796 1789 seculi
817 1704 1010 1782 ruditatem
1034 1725 1111 1778 non
1130 1703 1250 1803 palam
1275 1703 1480 1783 defricatis?
1506 1729 1570 1785 cur
1599 1733 1676 1787 non
1703 1735 1808 1813 aper.

464 1831 504 1895 te
526 1812 717 1892 confutatis
745 1807 914 1905 scriptum
941 1823 1039 1877 mere
1064 1800 1289 1890 humanum,
1322 1803 1419 1882 nulla
1446 1815 1544 1892 arte,
1577 1808 1675 1886 arula
1699 1833 1805 1899 cura.

463 1914 565 1993 rullo
586 1910 727 2012 judicio
746 1900 1066 1984 consarcinatum?
1103 1899 1179 1979 Cur
1206 1924 1285 1980 non
1307 1902 1472 2003 detegitis
1497 1903 1682 1995 sraudem,
1708 1933 1803 2086 qipa,

463 2037 512 2092 ne
536 2011 585 2089 de
608 2007 740 2113 Judaeis
771 2023 872 2079 nunc
899 1998 1045 2086 dicam,
1070 1998 1174 2076 illusae
1204 1999 1372 2087 hattenus,
1394 2000 1605 2083 miserorum
1637 2005 1721 2086 Chri
1754 2010 1803 2087 a.

463 2132 607 2190 norum
627 2118 765 2185 mentes
786 2100 892 2182 sunt?
916 2098 991 2176 Cur
1023 2119 1101 2175 non
1129 2097 1344 2177 sublimioris
1370 2100 1595 2206 cultiorisque
1622 2103 1800 2205 sapientiae

463 2207 599 2288 vexilla
619 2206 657 2282 in
674 2201 824 2306 publico
845 2196 1047 2287 ostentatis,
1072 2198 1167 2273 cives
1190 2197 1323 2275 vestros
1353 2197 1550 2302 omnesque
1571 2201 1663 2281 adeo
1697 2228 1800 2282 mor·
1932 2246 1939 2255 ·

463 2308 558 2386 tales
575 2302 700 2396 diserto
728 2301 891 2379 sermone
910 2297 1116 2382 invitantes,
1134 2306 1174 2370 ut
1194 2298 1337 2397 agmine
1359 2296 1451 2375 satio
1474 2298 1519 2376 ad
1549 2322 1615 2378 vos
1641 2324 1798 2379 concur.

464 2403 574 2487 rant?
596 2402 670 2485 Otr
691 2401 786 2478 illius
810 2396 923 2473 videri
950 2394 1055 2470 vultis
1077 2393 1259 2493 religionis
1285 2394 1464 2482 cultores,
1490 2399 1591 2495 cuius
1621 2421 1732 2478 omne
1758 2403 1801 2485 in

463 2506 536 2586 illis
554 2503 664 2583 literis
677 2499 953 2579 fundamentum
971 2492 1042 2579 cst,
1094 2517 1156 2570 uas
1182 2491 1395 2579 dishmulare
1413 2517 1491 2572 non
1516 2497 1689 2597 potestis,
1721 2522 1801 2580 non
1937 2574 1940 2581 .

463 2605 594 2697 vultis,
614 2603 661 2699 in,
674 2612 749 2677 tam
764 2597 899 2694 exiguo
915 2592 1020 2669 vobis
1082 2616 1103 2669 e
1121 2594 1267 2693 pretio?
1289 2592 1464 2694 ignoscite
1484 2597 1596 2684 mihi,
1617 2597 1718 2698 quod
1738 2599 1800 2675 tali

463 2728 528 2784 vos
549 2703 716 2783 oratione
734 2692 964 2795 compellem.
1014 2689 1181 2780 Credidi,
1203 2694 1340 2773 idcirco
1368 2693 1511 2773 locutus
1533 2696 1619 2775 sum.
1671 2695 1801 2778 Vosll

463 2802 680 2887 crederetis,
706 2819 784 2874 non
803 2796 850 2869 ita
873 2792 926 2867 uti
942 2811 1041 2868 nunc
1059 2790 1309 2893 loqueremini.

510 2898 680 2983 XXXI.
710 2896 805 2991 Quae
829 2906 952 2966 tantm
985 2912 1063 2966 non
1102 2912 1148 2966 eo
1181 2914 1200 2967 a
1238 2914 1299 2968 me
1328 2892 1451 2968 animo
1484 2893 1671 2986 dicuntur,
1700 2891 1796 2993 quasi
1811 2895 1930 2966 XXXI.

463 3001 726 3083 existimarem,
751 2990 841 3068 nihil
862 2987 972 3066 hodie
996 2988 1035 3065 in
1059 2989 1300 3068 Pentateucho
1332 2990 1489 3078 exstare,
1514 2990 1615 3092 quod
1640 3014 1718 3067 non
1749 2993 1793 3068 ab
1811 2976 1920 3071 W*

463 3099 539 3207 pro
556 3096 663 3181 mose
681 3089 880 3200 prosettam
904 3084 957 3165 nt.
1006 3084 1124 3166 Facite
1143 3090 1186 3165 ns
1208 3087 1407 3173 assensor,
1430 3088 1494 3190 qur
1513 3088 1665 3166 cresunt
1684 3088 1793 3167 arcu.
1807 3051 1933 3194 gisge-

463 3204 499 3282 hi
524 3198 682 3277 verbum
704 3187 874 3291 aliquod,
907 3199 969 3264 aut
993 3185 1202 3265 sententiam
1214 3240 1228 3279 ,
1254 3186 1442 3264 serioribus
1465 3188 1688 3290 temporibus
1716 3149 1962 3273 macutaafsm

463 3303 515 3418 gis
539 3294 837 3377 oonsentaneam,
861 3286 906 3363 ab
925 3282 1035 3370 Ezra,
1061 3298 1121 3361 aut
1143 3286 1215 3362 alio
1239 3285 1283 3362 ali
1310 3307 1360 3362 uo
1385 3286 1565 3389 Scriptore
1589 3293 1791 3383 οκπηόςῳ,
1810 3290 1962 3352 Pentaten·
1998 3295 2000 3300 ·

463 3424 501 3478 m
532 3391 787 3476 recolletlione
814 3386 995 3463 sacrorum
1024 3383 1224 3471 librorum,
1261 3309 1437 3473 additam,
1471 3398 1532 3478 aut
1566 3388 1793 3468 immutatam
1806 3365 1951 3447 carust«.

463 3491 570 3576 atille
620 3494 675 3573 Ac
689 3483 829 3600 prorsus
851 3506 920 3585 pro
941 3494 1042 3560 certo
1063 3480 1179 3599 habep
1198 3483 1382 3562 historiam
1398 3485 1524 3563 mortis
1546 3486 1584 3563 &
1604 3485 1792 3589 sepultura
1805 3440 1970 3601 {ffism

463 3593 599 3680 Molis,
634 3611 715 3693 quae
739 3588 779 3664 in
802 3585 873 3661 hne
896 3580 1180 3661 Deuteronomn
1201 3585 1395 3684 reperitur,
1420 3586 1464 3661 ab
1486 3585 1599 3663 aliena
1626 3583 1693 3663 elle
1717 3601 1908 3664 manaan
2028 3634 2035 3641 ·

463 3721 521 3777 nu
573 3691 663 3773 Non
686 3688 785 3765 enim
809 3682 910 3760 lubet
930 3681 1019 3759 mihi
1039 3681 1245 3784 prophetias
1265 3681 1397 3781 lingere
1420 3686 1507 3762 citra
1533 3682 1792 3774 necessitatem,
1901 3771 1906 3778 Ι

463 3810 523 3877 aut
546 3787 790 3895 apparentiam
814 3784 899 3858 veri.
950 3780 1037 3861 Mea
1058 3779 1106 3858 lic
1130 3780 1194 3859 stat
1214 3781 1407 3871 sententia,
1435 3783 1588 3861 candide
1613 3785 1795 3883 agendum
1856 3793 1860 3798 ’
2025 3777 2030 3788 ’

463 3895 530 3975 esse
554 3896 595 3970 in
617 3883 819 3968 omnibus:
853 3880 890 3957 ὰ
916 3881 956 3958 in
1007 3882 1105 3958 uavis
1130 3879 1367 3983 disputatione
1395 3904 1474 3958 non
1498 3882 1536 3959 id
1561 3881 1797 3984 quarendum

463 3993 555 4084 else,
573 4000 615 4068 ut
636 4009 745 4090 quam
763 3977 963 4081 longiffime
982 4000 1001 4055 a
1052 3977 1249 4058 adversario
1276 3977 1401 4067 distes,
1425 3978 1483 4058 sed
1502 3994 1543 4058 ut
1571 3981 1615 4058 ad
1640 3983 1792 4057 amicam

464 4098 503 4172 δι
535 4090 666 4169 liooere
693 4079 873 4185 quaesltam
907 4078 1093 4154 veritatem
1151 4101 1237 4162 uam
1265 4081 1433 4180 proxime
1463 4078 1639 4159 accedas:
1676 4101 1795 4178 neque

463 4211 539 4273 tam
560 4180 857 4269 considerandum
903 4176 964 4254 uid
990 4187 1116 4253 contra
1162 4178 1198 4253 'ti
1270 4178 1656 4279 tiquomodocunque
1685 4198 1794 4277 repo-

463 4297 503 4373 ni
525 4286 652 4393 posht,
684 4303 794 4385 quam
816 4201 904 4379 quia
927 4274 1105 4352 satisfaciat
1125 4276 1375 4369 concientiae,
1408 4290 1478 4354 tuae
1530 4278 1681 4361 timum,
1712 4283 1793 4355 ham

464 4391 690 4472 &aliorum
738 4378 861 4458 Velim
888 4399 933 4452 ue
957 4397 1035 4451 non
1057 4374 1176 4452 minus
1194 4375 1338 4477 placido
1358 4379 1480 4454 animo
1551 4372 1634 4474 gula
1656 4395 1794 4476 expen-

464 4496 518 4584 di,
543 4481 702 4592 quamsi
728 4476 828 4602 nulla
855 4500 874 4553 e
901 4488 937 4554 et
966 4477 1198 4562 concertatio,
1248 4474 1329 4556 lmo
1356 4475 1421 4555 uhi
1450 4496 1506 4552 res
1535 4493 1687 4578 quasque
1708 4496 1796 4554 exa-

564 4594 656 4674 s‘otn,
680 4590 707 4661 1.
1214 4573 1252 4664 N
1624 4569 1795 4659 minanda
