4909 5425
645 494 711 567 Da
744 491 907 567 Norrs
943 503 1071 561 vern
1108 491 1413 567 Pxorxrnrx.
1653 526 1712 590 ιιι

400 611 573 697 XXIX.
611 613 701 694 Duo
713 628 853 693 tamen
883 614 943 693 hic
978 611 1228 710 observanda3
1257 637 1414 715 quorum
1445 619 1840 721 primumest,)nr1x,

366 738 430 795 tun
456 713 557 793 suiise
581 710 830 800 necessarium,
858 736 977 813 neque
1009 711 1154 791 Divinae
1183 711 1360 815 sapientiae
1393 724 1637 817 conveniens,
1663 741 1704 806 ut
1723 737 1892 817 Qorumta

366 838 483 891 amnes
510 815 679 891 omnium
703 814 963 914 prophetarum
985 809 1189 897 missiones,
1216 812 1353 890 nedum
1381 817 1606 918 prophetias,
1634 829 1703 903 mi.
1708 816 1827 966 pm
1833 833 1884 908 ,⁶1³-

366 913 481 991 aculis
506 914 759 1006 confirmaret3
786 912 845 989 sed
867 935 994 989 eorum
1016 913 1240 1013 praecipuum
1262 907 1359 990 fuisse
1387 915 1488 993 usum
1518 919 1555 994 in
1584 928 1700 1038 genii.
1729 905 1851 1028 mm·

366 1036 398 1091 to
419 1012 513 1089 casu.
564 1013 590 1090 l.
606 1011 767 1108 Quando
798 1014 878 1112 quis
905 1009 1070 1111 fingulari
1099 1010 1283 1088 instructus
1315 1013 1484 1091 mandato
1514 1036 1634 1109 vemt,
1659 1036 1701 1101 ut
1713 982 1763 1126 {js
1796 968 1864 1051 “sm

366 1110 675 1191 utraordinarium
697 1120 944 1211 magnumque
975 1111 1151 1187 nuncium
1182 1110 1256 1189 Dei
1280 1116 1430 1188 nomine
1463 1114 1617 1204 deserat,
1640 1134 1702 1199 aut

366 1211 536 1289 nsolitum
559 1211 699 1310 prorsus
718 1210 953 1286 ministerium
976 1210 1137 1310 praestet:
1165 1208 1369 1287 maximesi
1392 1214 1552 1291 mittatur
1571 1218 1616 1294 ad
1642 1243 1703 1296 or-

366 1308 550 1387 dinandam
574 1312 686 1385 totius
714 1309 895 1408 religionis
926 1308 1090 1385 sormam.
1141 1307 1183 1386 ll.
1208 1309 1371 1405 Quando
1403 1311 1537 1413 aliquid
1570 1340 1589 1392 a
1614 1317 1702 1396 Deo

365 1409 426 1511 ¹pso
446 1409 542 1486 olirn
562 1405 691 1506 jussum
713 1420 818 1508 atque
847 1408 1047 1484 institutum
1072 1406 1324 1509 abrogandum
1353 1409 1425 1497 est,
1455 1414 1592 1515 aliaque
1625 1417 1700 1496 cul.

365 1521 409 1587 trs
431 1508 560 1588 Divini
584 1506 700 1583 forma
721 1511 753 1582 ei
779 1507 1031 1586 substituenda.

401 1605 546 1689 XXX
588 1607 624 1684 Si
648 1610 727 1708 quis
754 1605 825 1684 Dei
847 1609 997 1681 nomine
1029 1608 1169 1692 veniat,
1197 1607 1379 1685 insolitum
1412 1610 1500 1711 quid
1529 1614 1699 1714 praestitu·
1714 1645 1887 1713 χχχιιι,

368 1728 435 1793 ns,
456 1707 685 1809 populumve
717 1705 761 1781 ad
786 1703 923 1781 insolita
954 1706 1146 1805 praeltanda
1177 1710 1418 1796 excitaturus,
1446 1712 1483 1787 &
1513 1712 1696 1812 religionis
1714 1728 1886 1810 moqumlo

371 1808 576 1885 ceremonias
600 1828 728 1882 omnes
750 1803 988 1891 formaturus,
1014 1808 1105 1883 ratio
1135 1808 1279 1906 exigere
1299 1806 1466 1897 videtur,
1492 1826 1532 1890 ut
1555 1814 1695 1891 insolita
1714 1808 1854 1900 Pium

367 1910 482 1993 unm,
509 1905 691 1983 evidentia
720 1907 879 1980 animum
910 1928 955 1980 ue
986 1907 1238 1984 convincentia
1270 1905 1391 1985 Divini
1451 1911 1524 1987 uod
1556 1911 1695 2012 praefert
1712 1896 1843 1981 mn?

365 2004 510 2083 mmdati
533 2004 664 2080 indicia
688 2004 823 2115 habeat
875 1926 1067 2104 Utrimque
1089 2007 1186 2079 enim
1207 2029 1379 2106 magnum
1402 1934 1452 2084 ed
1473 2012 1692 2111 periculum,
1709 1964 1842 2103 222⁰}ss

365 2102 424 2183 ive
444 2106 607 2185 credatur
630 2103 772 2180 homini
798 2103 866 2179 tale
889 2101 1102 2180 mandatum
1123 2105 1346 2204 praeferenti,
1373 2104 1442 2184 five
1466 2133 1545 2186 non
1571 2114 1693 2188 creda·
1709 2100 1872 2181 totiusre'lr‘·

365 2215 420 2283 tu.
468 2202 506 2284 Si
533 2201 698 2281 credatur
720 2214 855 2278 temere
875 2223 917 2277 ac
943 2199 1015 2276 srne
1037 2199 1220 2279 sufficienti
1239 2206 1398 2291 ratione,
1426 2208 1623 2308 periculum
1645 2196 1864 2289 estgnutrsor·

365 2326 402 2381 ne
423 2302 626 2405 deceptrice
646 2299 854 2377 maleseriati
880 2299 1040 2376 hominis
1062 2300 1374 2402 grandiloquentia
1389 2304 1534 2383 seduuae
1555 2324 1693 2388 mentes
1709 2295 1798 2337 marn.

364 2402 400 2483 td
418 2428 475 2483 eas
499 2400 706 2502 redigantur
735 2399 908 2500 angustias
919 2448 930 2487 ‚
957 2400 1087 2500 quibus
1104 2398 1372 2479 inconsideratae
1392 2405 1609 2484 credulitatis
1628 2408 1696 2487 suae

364 2504 455 2605 'pallas
479 2502 579 2581 luant
603 2522 741 2601 poenas
793 2500 830 2577 Si
856 2519 934 2575 non
958 2497 1122 2576 credatur
1147 2499 1342 2588 mandato,
1370 2504 1471 2605 quod
1498 2519 1619 2584 tamen
1642 2533 1698 2587 re.

364 2622 433 2681 trra
455 2602 636 2681 tutiorem
671 2600 778 2675 habet
804 2597 953 2686 Deum,
979 2610 1097 2676 metus
1127 2599 1176 2676 est
1204 2623 1252 2676 ne
1284 2602 1363 2702 quis
1436 2606 1503 2682 reti
1539 2610 1698 2684 numinis

364 2702 439 2784 Ιιιιιι
473 2717 580 2806 atque
616 2697 810 2815 vipditlam
838 2700 877 2775 in
900 2709 1010 2800 caput
1030 2695 1132 2777 suum
1168 2698 1331 2779 accersat.
1383 2628 1544 2806 Ossortet
1579 2709 1700 2809 itaque

364 2801 563 2889 talemDei,
592 2813 632 2876 ut
650 2804 699 2877 lic
722 2800 869 2900 loquar,
896 2795 1177 2885 mandatarium,
1204 2801 1247 2875 iis
1266 2799 1469 2880 missionem
1485 2804 1581 2881 suam
1608 2828 1700 2882 con-

364 2899 487 2980 fimare
511 2902 754 3004 argumentis,
782 2899 913 3001 quibus
943 2897 980 2974 dc
1005 2898 1162 2997 prudens
1192 2921 1234 2974 ac
1260 2901 1532 3001 circumspeslus
1558 2905 1698 2980 animus

364 3013 428 3080 utu
453 3001 624 3085 uilletur,
650 2999 687 3076 &
735 3000 771 3075 ui
792 2997 936 3075 credere
963 2998 1090 3075 abnuit
1116 2997 1217 3074 omni
1240 2996 1337 3092 justae
1371 2999 1604 3076 excusationis
1623 3000 1700 3100 spe·

365 3101 409 3180 cle
427 3025 642 3180 destituatur.
730 3102 767 3175 ix
792 3111 912 3174 autem
934 3097 1001 3184 eit,
1029 3110 1070 3174 ut
1090 3093 1267 3173 efficacius
1292 3096 1382 3172 illud
1415 3098 1565 3198 praestari
1592 3112 1700 3199 queat

366 3221 461 3378 {m
478 3199 702 3280 exhibitione
720 3198 1000 3281 miraculorum,
1030 3218 1109 3311 quae
1132 3192 1280 3295 praesens
1307 3196 1367 3272 tali
1393 3195 1537 3273 homini
1559 3220 1698 3276 numen

450 3301 621 3380 omnibus
655 3297 920 3374 attendentibus
953 3294 1177 3376 manifestum
1208 3291 1346 3373 faciam.
1399 3293 1489 3376 Haec
1521 3296 1571 3375 est
1603 3300 1696 3376 ratio
1743 3298 1755 3318 '

373 3415 420 3476 ιι
436 3399 561 3482 Mosen
582 3410 638 3474 tot
657 3396 834 3474 miraculis
857 3394 1058 3470 instruxerit
1075 3389 1223 3494 Jehova

407 3495 564 3582 XXXl
592 3501 738 3576 utnon
761 3497 883 3573 minor
915 3515 1042 3570 eorum
1073 3489 1275 3584 necessitas,
1299 3497 1365 3575 ubi
1387 3496 1504 3576 sorma
1529 3498 1645 3577 cultus
1672 3523 1814 3605 amp
1900 3499 1903 3506 '

370 3591 440 3680 neo
462 3599 614 3678 instituta
639 3597 862 3675 immutanda
883 3595 992 3672 venit.
1043 3591 1174 3689 Quum
1195 3598 1293 3674 enim
1315 3619 1356 3674 ea
1385 3595 1501 3676 forma
1521 3622 1601 3701 quae
1627 3621 1688 3676 an·
1705 3585 1876 3700 ueust‘an-

371 3697 519 3802 liquanda
553 3698 604 3775 est
635 3696 812 3775 miraculis
845 3693 981 3772 suffulta
1016 3692 1145 3781 fuerit,
1179 3715 1257 3770 non
1288 3699 1438 3775 minoris
1474 3696 1688 3776 efficacitatis
1703 3701 1848 3856 putanda

372 3817 441 3874 tam
470 3795 531 3876 else
556 3798 697 3875 molem
728 3807 898 3894 oportet,
924 3817 1003 3970 puae
1030 3796 1189 3896 priorem
1216 3792 1303 3873 loco
1332 3810 1506 3874 moveat:
1535 3794 1716 3874 animus-⁶
1740 3777 1841 3853 form

374 3915 435 3996 φο
451 3897 491 3976 ad
506 3901 700 3978 minimum
722 3893 850 3993 aequali
871 3899 925 3972 evi
953 3897 1049 3972 entia
1073 3892 1118 3970 de
1150 3893 1338 3995 posteriori
1360 3898 1426 3974 hac
1452 3896 1595 3975 Divinae
1621 3917 1686 3970 vo·
1699 3855 1850 4016 2²52ss

375 3989 497 4076 Μὴ
515 4011 614 4102 parte
637 3995 805 4074 convinci
826 3992 942 4108 debet.
993 3993 1123 4096 Neque
1144 4016 1191 4071 eo
1219 3994 1298 4074 casu
1320 3997 1487 4074 miracula
1508 3995 1686 4073 miraculis
1701 4025 1777 4077 rura

381 4111 607 4194 mouentur,
635 4109 676 4172 ut
704 4094 769 4171 alia
807 4091 958 4169 altorum
994 4093 1184 4171 valentiam
1216 4098 1435 4190 retundant3
1461 4094 1547 4172 haut
1575 4096 1689 4195 magis

385 4211 472 4292 qm
486 4195 613 4278 Divina
633 4196 797 4272 voluntas
817 4181 1018 4292 opponitur
1035 4192 1098 4269 irbi
1122 4194 1195 4294 ipss.
1249 4196 1319 4274 Sed
1346 4199 1399 4272 uti
1424 4194 1527 4274 Deus
1550 4216 1619 4294 pro
1642 4193 1692 4269 sa-

380 4289 496 4390 plenta
518 4296 583 4376 suae
619 4291 854 4372 immensitate
881 4294 1004 4370 omnia
1037 4291 1192 4394 disponit
1219 4295 1391 4380 suaviter,
1417 4292 1518 4370 ficati
1551 4294 1693 4369 unicui·

380 4409 440 4490 qut
464 4399 544 4474 atati
576 4395 775 4487 condecet;
803 4393 840 4470 ἃ
865 4407 998 4470 aeterno
1023 4393 1087 4469 suo
1121 4395 1270 4474 consilio
1302 4394 1486 4471 constiutit
1519 4392 1692 4470 nonnulla

381 4487 572 4602 adtempus
608 4493 870 4598 praescribere,
909 4515 990 4596 quae
1025 4491 1077 4572 illi
1116 4509 1217 4574 erant
1248 4494 1407 4592 tempori
1438 4491 1692 4609 mesentanep,

1646 4613 1690 4667 us

1387 4831 1398 4874 l
