4909 5425
747 434 807 513 m
845 435 1112 541 limosmom
1146 433 1342 509 Naronem
1378 445 1432 502 ru
1468 433 1725 508 Pnornrrun.
1873 461 1908 524 ς,

500 576 518 633 ι
553 572 650 639 mon
673 555 708 635 se
723 554 837 659 iupra
854 555 979 657 iegem
1002 551 1070 633 elie
1093 553 1243 632 obeam
1264 555 1441 631 rationem
1468 555 1570 730 puod
1595 558 1734 641 lumine
1756 562 1907 644 nattuali

500 674 518 757 Ι
555 658 736 759 superaret
761 657 926 736 omnes?
952 657 1007 735 An
1036 677 1123 753 ergo
1149 677 1218 757 pro
1241 650 1441 753 figmento,
1462 704 1464 712 =
1495 660 1677 747 amentia,
1700 660 1821 745 furore
1842 661 1906 739 ha-

500 778 517 835 ι
556 756 663 843 buit,
688 748 924 856 sapientiffimi
953 755 1062 856 patris
1088 754 1297 838 monitum,
1325 773 1400 853 quo
1439 753 1545 852 Legis
1582 755 1750 836 Moiaicae
1785 761 1904 839 obser.

500 852 516 933 Ι
559 861 716 933 tantiam
750 854 946 931 moriturus
970 852 1033 1028 ipfi
1058 850 1365 940 commendabat,
1395 851 1516 950 1Reg.
1546 880 1604 932 11.·
1626 883 1660 951 3.
1692 859 1904 960 &quidem

500 976 518 1059 p
558 967 602 1032 ut
633 956 827 1032 maximam
859 975 951 1030 verae
987 952 1150 1051 apientiae
1183 951 1351 1050 partem?
1377 950 1760 1047 achron.·xxv11.9.
1795 955 1901 1041 Prov.

500 1070 516 1133 Ι
561 1076 616 1134 tv.
685 1079 716 1150 5.
765 1051 824 1131 An
842 1049 922 1131 Lex
944 1053 986 1128 iis
1005 1062 1145 1127 tantum
1164 1049 1291 1125 tradita
1312 1048 1384 1133 est,
1410 1053 1472 1150 qui
1499 1053 1638 1143 ¹ratione
1666 1054 1702 1130 &
1735 1058 1902 1134 naturalis

500 1178 511 1231 r
553 1152 643 1231 intel
659 1153 754 1230 etius
777 1150 1007 1228 documentis
1025 1148 1172 1226 carent?
1197 1149 1256 1226 An
1277 1170 1364 1246 ergo
1378 1151 1549 1225 mentitus
1570 1150 1773 1239 estMoies,
1787 1162 1903 1256 quum

500 1276 507 1329 t
552 1250 671 1330 dixit:
700 1248 813 1332 Deut.
833 1273 889 1328 tt.
909 1263 941 1327 6.
973 1248 1177 1343 Obsetvaebitri
1208 1273 1275 1345 ergo
1300 1267 1395 1346 atque
1416 1249 1560 1347 societur
1585 1278 1660 1326 nom
1691 1255 1754 1340 leae
1783 1258 1823 1347 esi
1843 1255 1902 1348 fir.

544 1361 672 1451 pientia
695 1358 818 1446 aestro,
844 1347 1074 1444 &prudentie
1082 1350 1206 1438 oejlra,
1231 1365 1306 1423 onte
1328 1346 1428 1423 oculos
1442 1349 1656 1444 populorum.-
1680 1362 1738 1450 qui
1764 1354 1899 1428 audien·

553 1472 604 1528 trs
628 1459 732 1528 omnio
745 1454 869 1544 statuto
894 1452 949 1544 isto
974 1450 1079 1523 dicent
1091 1493 1104 1531 ,
1129 1464 1258 1521 tontum
1277 1473 1352 1544 gens
1376 1450 1430 1539 ilia
1458 1456 1598 1521 maxima
1626 1455 1754 1545 populus
1777 1459 1898 1546 fitpienr

553 1556 597 1647 eti
623 1551 853 1646 &prolem
876 1549 933 1625 An
964 1559 1135 1622 mentitus
1160 1546 1210 1620 est
1236 1542 1379 1629 David,
1430 1547 1469 1622 ui
1496 1546 1686 1647 postquam
1712 1546 1758 1624 de
1791 1550 1899 1626 lumi.

555 1672 608 1726 ue
629 1649 800 1735 naturali,
827 1645 1101 1745 &cognitione
1134 1641 1207 1720 Dei
1241 1665 1306 1742 per
1336 1569 1450 1729 titul,
1476 1643 1559 1722 scite
1595 1643 1822 1740 dilieruiliet,⁸
1846 1646 1895 1728 Pt

551 1770 641 1827 xrx.
662 1749 708 1826 de
729 1747 808 1847 lege
832 1742 980 1846 Jehovae
1001 1748 1049 1820 ita
1074 1741 1152 1820 iniit
1174 1743 1257 1820 veri.
1275 1756 1307 1832 8.
1322 1769 1356 1836 9.
1382 1746 1535 1819 Domina
1555 1746 1680 1838 Jehooae
1700 1755 1820 1846 integra
1838 1751 1897 1844 esi,

549 1853 711 1940 restituens
733 1855 896 1921 animam:
923 1848 1128 1937 testimonium
1149 1843 1276 1938 Jelrouo
1297 1869 1397 1918 verax
1408 1893 1420 1930 ,
1438 1847 1621 1938 firpientiam
1646 1846 1777 1939 afferens
1799 1856 1896 1943 irnpe-

548 1957 625 2026 rito.
677 1948 841 2024 Mandata
859 1945 982 2038 Jelrouae
990 1949 1072 2038 sunt
1092 1945 1202 2027 teile,
1227 1942 1417 2040 laetificantia
1442 1953 1610 2020 animum:
1630 1965 1812 2039 preceptum
1836 1957 1896 2042 Je.

551 2049 641 2123 bovae
665 2069 807 2142 purum,
830 2045 979 2140 iloslrans
1011 2043 1140 2118 oeulos?
1166 2041 1271 2120 Adeo
1300 2040 1449 2142 quidem
1480 2057 1521 2117 ut
1554 2042 1626 2119 sola
1659 2045 1896 2122 meditatione
1937 2074 1939 2079 ·

551 2158 838 2247 praceptorum,
866 2142 1179 2226 testimoniorum,
1206 2140 1461 2217 mandatorum
1487 2140 1584 2229 Dei,
1609 2143 1745 2241 omnibus
1766 2148 1898 2233 inimici

543 2248 614 2341 furi
625 2247 865 2341 sapientiorem,
890 2241 1026 2316 omnibu
1045 2239 1212 2315 leonibus
1224 2242 1291 2334 suri
1323 2242 1606 2340 intelligentiorem,
1623 2241 1745 2336 fenilio
1764 2243 1898 2344 denique
2047 2324 2050 2329 ,

546 2346 780 2442 prudentiorem
792 2342 922 2421 fadum
936 2338 970 2416 ie
986 2335 1053 2417 effe
1067 2339 1219 2416 testetur.
1246 2336 1295 2415 Pl.
1311 2360 1417 2417 cxrx.
1432 2355 1492 2433 98.
1504 2365 1565 2435 99.
1583 2366 1665 2421 100.
1714 2341 1773 2421 An
1794 2366 1898 2419 men·

548 2446 636 2522 titus
658 2442 709 2520 est
729 2445 741 2519 i
767 2440 800 2518 ie
824 2441 1021 2525 Salomon,
1048 2461 1164 2540 quum
1195 2434 1328 2538 scripfit
1348 2436 1452 2517 Prov.
1477 2462 1535 2518 vr.
1559 2467 1617 2538 23.
1644 2449 1832 2538 rraceprom
1857 2445 1898 2537 est
1952 2524 1954 2529 ,

546 2545 697 2630 henna,
787 2541 928 2618 durna
946 2541 1029 2626 lux,
1055 2547 1171 2639 uiaque
1204 2546 1279 2611 vitae
1308 2540 1503 2616 corrediioner
1528 2543 1734 2617 erudientes?
1755 2538 1895 2636 Falsum

547 2665 700 2747 quoque
721 2641 789 2729 est,
815 2641 1006 2722 Hemanen
1028 2660 1105 2715 non
1126 2633 1223 2714 suille
1243 2637 1470 2739 prophetam.
1521 2636 1687 2743 Expreffe
1708 2642 1808 2719 enim
1827 2662 1893 2720 vo·

547 2753 609 2821 tur
627 2754 772 2827 Vrosns
803 2749 926 2823 Ruors.
952 2739 1124 2818 1Chron.
1146 2760 1231 2813 xxv.
1254 2761 1284 2832 ς.

596 2839 649 2922 Χ
679 2850 965 2934 Temperanentune
988 2834 1163 2935 ejusmodi
1186 2833 1288 2937 quod
1307 2834 1505 2935 plurimum
1528 2860 1575 2915 ex
1590 2858 1664 2915 atre
1682 2839 1744 2915 lile
1763 2838 1889 2923 trahit,
1904 2865 1945 2932 χ
1960 2869 2011 2933 pf,
2055 2887 2059 2894 -

548 2940 667 3019 modo
691 2937 779 3015 illud
801 2959 848 3012 ne
869 2938 1024 3012 nimium
1049 2934 1109 3023 iit,
1136 2934 1328 3011 hominem
1345 2934 1523 3013 idoneum
1546 2937 1662 3014 facere
1677 2937 1721 3015 ad
1739 2936 1888 3038 proban·
1903 2957 2043 3042 tmpera-

547 3040 634 3126 das,
658 3038 769 3124 fixas,
794 3034 961 3112 sublimes
982 3035 1253 3120 meditationes,
1278 3032 1330 3113 Ph
1355 3032 1432 3111 licis
1455 3059 1497 3113 ac
1515 3034 1699 3129 Medicis,
1723 3034 1886 3113 constan·
1902 3037 2059 3122 mnf*

545 3152 603 3218 ter
630 3138 709 3216 latis
740 3133 967 3214 afferentibus
987 3188 999 3222 ,
1023 3134 1139 3212 facile.
1153 3132 1301 3249 credo..
1327 3057 1457 3235 lleque
1495 3159 1541 3212 ne
1588 3136 1726 3224 verim,
1751 3146 1888 3212 tautam
1902 3103 2071 3259 mm

545 3236 740 3341 aliquando
761 3233 981 3333 imaginandi
1002 3235 1077 3309 vim
1100 3234 1138 3309 in
1161 3232 1372 3309 bominibus
1400 3233 1540 3312 melane
1566 3234 1668 3314 olicis
1689 3234 2057 3337 deprehen-tarmen·-

545 3337 619 3414 iam
637 3333 726 3425 elie,
754 3356 825 3435 qua
849 3335 889 3409 in
912 3330 1056 3409 ecstasin
1083 3331 1280 3408 naturalem
1309 3331 1374 3409 adi
1405 3331 1480 3409 lint.
1532 3331 1695 3422 Eximia,
1721 3334 1886 3437 letiuque
1900 3340 2029 3400 rorrmr.

547 3432 747 3534 digniliima
769 3430 820 3509 est
838 3435 1034 3528 Hippocrati
1053 3429 1097 3508 ad
1123 3433 1368 3525 Philopoemenem
1386 3433 1556 3533 epistola,
1609 3456 1654 3511 ua
1677 3433 1722 3514 de
1743 3433 1889 3512 Demo-

546 3536 642 3613 crito
662 3528 809 3617 dilierit,
862 3554 948 3608 uem
969 3536 1064 3607 cives
1084 3528 1134 3607 lui
1156 3527 1334 3609 Abderitae
1345 3531 1492 3611 inianioe
1505 3458 1689 3636 putalrant
1740 3531 1790 3612 ua
1811 3532 1888 3633 epi·
2023 3603 2025 3607 .
2072 3533 2076 3542 ’

543 3632 636 3713 stola
657 3630 809 3732 exponit
825 3555 1089 3732 llippocrates,
1114 3630 1202 3732 quid
1223 3628 1328 3731 poffit
1347 3628 1523 3732 sapientiae
1543 3633 1722 3723 studium,
1748 3634 1812 3709 ubi
1832 3634 1888 3707 in·

544 3731 637 3813 cidit
653 3733 693 3808 in
718 3751 782 3807 eos
828 3734 867 3806 ui
888 3742 959 3807 atra
990 3731 1061 3807 bile
1083 3731 1210 3831 perciti
1234 3731 1333 3816 sum,
1361 3731 1504 3831 qualem
1532 3732 1565 3810 le
1594 3729 1660 3812 elle
1691 3728 1886 3814 Democri-

541 3848 603 3913 tus
626 3829 751 3910 multis
770 3753 911 3906 indiciis
933 3832 1206 3930 comprobabat.
1258 3829 1411 3909 Caeteras
1442 3836 1570 3910 animae
1592 3833 1806 3936 cupiditates
1830 3826 1883 3905 ia·

541 3932 654 4013 mulis
674 3945 783 4031 atque
808 3928 942 4006 ancillis
972 3932 1010 4004 in
1036 3930 1151 4007 domo
1178 3931 1480 4008 tumultuantibus
1511 3946 1723 4034 comparat3
1748 3929 1884 4029 sapien·

542 4034 633 4109 tiam
656 4031 773 4116 berae,
824 4051 879 4105 uae
914 4028 978 4104 ubi
1008 4031 1231 4129 comparuit,
1257 4053 1348 4106 mox
1375 4028 1497 4107 famuli
1531 4032 1745 4111 consternati
1769 4024 1884 4129 quies-

545 4141 643 4208 cunt
694 4054 935 4229 Ostedditque
973 4141 1104 4226 quanta
1136 4126 1180 4205 fit
1211 4133 1250 4204 in
1274 4128 1480 4226 hujusmodi
1509 4130 1719 4209 hominibus
1753 4128 1883 4207 animae

585 4232 729 4325 ‘tentia3
756 4229 849 4305 adeo
872 4240 914 4303 ut
938 4229 1223 4326 perturbationes
1253 4251 1383 4306 omnes
1410 4228 1525 4307 exeiie
1550 4232 1701 4329 iubens,
1725 4228 1789 4307 libi
1816 4223 1882 4304 loli

555 4329 680 4431 uisque
696 4327 993 4416 meditationibus
1013 4340 1138 4407 vacet..
1175 4330 1223 4408 At
1243 4322 1315 4429 ipsa
1331 4327 1563 4432 Hippocratis
1583 4326 1691 4432 verba
1711 4327 1880 4407 exhibea·

537 4451 638 4517 mlii.
686 4430 814 4508 ‘orirer
835 4432 850 4503 i
870 4428 921 4508 t&
943 4427 1005 4504 oui
1030 4427 1088 4504 ‘sofr
1109 4433 1167 4602 ikp
1184 4431 1367 4624 opporglbpr
1393 4429 1582 4530 ominare
1613 4426 1790 4510 &meires
1806 4434 1882 4619 λῖς
