4909 5425
777 475 939 556 Examen
962 462 1188 562 dicunntur.
1213 506 1287 561 eno
1307 503 1422 561 'seusu
1447 482 1635 575 Puommr.
1799 501 1873 581 579

532 608 632 685 coeci
648 602 831 705 despicatui
841 603 936 695 sunt,
959 610 1040 678 Deo
1050 626 1166 680 tamen
1182 609 1386 707 Angelisque
1395 607 1514 683 suaves
1524 612 1561 682 in
1573 609 1715 686 canticis
1731 609 1870 683 Israelis.

512 710 638 798 'Quia
652 715 845 803 Pergamum
858 708 894 778 in
909 732 994 804 rupe
1006 703 1211 795 eratsttum,
1240 711 1272 782 dt
1287 708 1330 784 ab
1339 711 1454 783 Attalo
1475 711 1570 810 Rege
1591 712 1758 786 Romanis
1780 711 1873 782 testa-

534 826 669 887 mento
686 806 876 892 donatum,
898 805 1018 903 ibique
1026 805 1242 880 membranae
1252 829 1395 908 repertae
1403 808 1530 904 quibus
1542 808 1768 885 inscribendo
1784 810 1874 881 olim

535 907 757 992 utebantur,
783 905 993 1002 tandemque
1006 906 1157 979 Galenus
1170 906 1218 978 ibi
1234 929 1351 999 natus,
1373 907 1597 984 Medicorum
1604 912 1680 1011 post
1693 913 1812 984 Coum
1828 907 1875 980 se·

535 1003 937 1085 nemcelebratiffimusa
957 1004 1107 1093 dicatur,
1128 1004 1314 1082 Ecclefiam
1335 1007 1590 1105 repraesentari,
1615 1038 1695 1110 quae
1712 1009 1875 1084 secivita-

536 1126 618 1185 tem
631 1126 737 1181 vocat
746 1111 783 1182 in
802 1126 925 1179 monte
942 1103 1060 1196 fitam,
1077 1108 1175 1198 cujus
1197 1108 1359 1208 Princeps
1378 1107 1519 1180 Antistes
1532 1112 1715 1185 Romanus
1732 1109 1790 1194 fit,
1813 1107 1875 1205 qui

534 1208 746 1287 Provincias
767 1210 913 1304 integras
921 1202 1162 1279 ex'donatione
1177 1208 1437 1305 Imperatorum
1454 1207 1641 1306 poffideat:
1664 1233 1739 1309 qua
1755 1207 1875 1285 multi-

520 1346 528 1373 ·.
537 1307 665 1385 urdine
675 1327 778 1404 atque
793 1306 998 1403 antiquitate
1009 1329 1301 1405 pergamenorum
1314 1308 1479 1396 suorum,
1505 1307 1748 1408 editorumque
1768 1308 1878 1381 libro-

512 1486 522 1503 -.
532 1433 627 1495 gum
638 1406 703 1480 sese
712 1408 832 1498 jactetz
849 1431 929 1503 quae
943 1403 1090 1503 denique
1102 1405 1182 1479 licet
1195 1404 1409 1503 spiritualiter
1421 1431 1512 1511 aegra
1524 1407 1678 1483 destituta
1686 1434 1760 1482 non
1774 1406 1878 1481 fuerit

512 1506 662 1611 :peritis
676 1504 844 1594 Medicis,
863 1502 977 1578 modo
988 1530 1133 1580 manum
1146 1530 1274 1580 eorum
1287 1510 1447 1585 adhibere
1464 1507 1636 1585 voluisset.
1688 1509 1784 1606 Quia
1799 1515 1878 1583 Iae-

512 1622 635 1709 rlr'rea
645 1669 658 1707 ,
678 1614 831 1695 strabone
845 1615 946 1698 teste,
963 1642 1084 1716 agrum
1098 1616 1220 1692 habuit
1237 1609 1443 1709 arulam,
1466 1618 1616 1709 dicatur,
1638 1618 1824 1695 Ecclesiam
1837 1615 1878 1691 fi-

512 1730 520 1813 ἰ,
612 1720 662 1793 ari
673 1718 793 1818 primo
805 1715 948 1815 quidem
967 1716 1076 1789 securi
1095 1719 1248 1817 torporis
1266 1716 1430 1794 ebrietate
1451 1719 1614 1795 obrutam
1625 1772 1637 1809 ,
1657 1718 1776 1794 deinde
1789 1744 1877 1792 vero

512 1912 514 1919 Ι
535 1744 744 1895 fficiffimo
756 1816 892 1916 spiritus
905 1815 1043 1910 mystici
1050 1817 1186 1915 liquore
1197 1815 1350 1891 ubertim
1364 1820 1591 1922 irrigandam:
1616 1824 1649 1896 dc
1668 1821 1748 1919 quia
1763 1819 1821 1911 (ut
1834 1817 1879 1891 est

512 1916 642 2021 „apud
654 1921 849 2016 Stephanum
867 1918 1189 2016 Byzantium)olim
1205 1921 1357 1994 Ramirhr
1377 1921 1464 1994 diua
1482 1919 1568 2008 fuit,
1585 1948 1676 1997 voce
1691 1972 1703 2010 ,
1721 1940 1761 1994 ut
1785 1918 1882 1993 vide-

512 2090 515 2103 ,
535 2042 624 2109 mr,
640 2019 768 2093 deflexa
783 2019 1074 2110 aSyriacounm
1093 2021 1278 2104 ramatha,
1300 2020 1397 2118 quod
1412 2022 1694 2114 excelsmnnotat,
1718 2015 1884 2116 autquod

518 2120 662 2223 'pallor
691 2116 836 2218 quidam
861 2117 1007 2191 fulmine
1037 2123 1146 2192 tadlus
1168 2121 1205 2192 in
1226 2119 1316 2193 illius
1344 2124 1431 2220 agris
1446 2120 1659 2195 exclamasset
1688 2122 1883 2206 Ramantlaas

536 2236 620 2309 mr
632 2239 706 2305 m,
731 2217 919 2310 excelsustu
938 2244 989 2293 er:
1018 2217 1226 2315 praeludium
1239 2216 1276 2290 id
1291 2219 1446 2294 dicamus
1466 2218 1627 2295 Ecclefiae
1650 2220 1692 2293 ad
1712 2220 1885 2294 selicimtis

512 2328 522 2405 ζ·
532 2318 877 2421 ίρίῐὶτιιαίἰεςιιίυιεη
891 2321 928 2390 in
937 2320 1032 2411 terris
1041 2318 1247 2404 evertendae,
1273 2321 1371 2410 cujus
1380 2322 1527 2418 pastores
1542 2321 1678 2420 stupore
1701 2319 1850 2417 correpti
1867 2366 1881 2405 ,

512 2412 589 2517 22:¹oe
601 2416 1038 2511 coelestilucecircumlusr,
1059 2417 1101 2492 ad
1111 2419 1232 2492 Deum
1240 2418 1464 2493 exclamaturi
1477 2418 1564 2509 sant,
1579 2422 1709 2498 Veretu
1722 2419 1884 2514 esAltrffi·
1917 2456 1925 2467 ·

512 2498 631 2619 finus.
677 2520 885 2618 Atquehanc
900 2517 1003 2591 semel
1017 2518 1113 2592 viam
1135 2515 1307 2619 ingrellis,
1334 2521 1411 2615 quis
1429 2519 1570 2597 tandem
1591 2521 1653 2595 erit
1669 2521 1882 2621 argutiarum
1982 2554 1986 2578 ν

527 2618 654 2707 finis?
680 2619 820 2710 Quibus
831 2618 974 2716 quidem
983 2645 1050 2720 ego
1059 2644 1133 2693 nou
1150 2617 1218 2692 line
1227 2618 1384 2718 quodam
1395 2620 1595 2721 trepidantis
1611 2621 1720 2696 animi
1734 2623 1880 2695 horrore

519 2803 522 2808 ,
540 2741 708 2802 mentem
723 2719 968 2818 calamumque
981 2721 1143 2793 hadlenus
1156 2720 1396 2794 commodavi.

512 2817 519 2924 ᾗ
651 2821 836 2898 CXXXII.
865 2826 1001 2919 Septimo
1015 2842 1197 2916 argueretur
1211 2821 1289 2893 Viri
1303 2817 1503 2893 Docliffuni
1523 2847 1562 2894 ea
1586 2843 1661 2918 qua
1682 2817 1877 2896 labentibus
1891 2885 1918 2943 F

512 2953 515 2958 ’
542 2919 671 3000 seculis
682 2922 718 2994 iu
730 2916 879 2996 Ecclefia
891 2921 976 3021 gesta
990 2920 1158 2993 suntcum
1171 2919 1330 3019 Epistolis
1347 2919 1437 2993 hisce
1452 2919 1691 3007 contendunt,
1712 2944 1756 2996 ex
1780 2938 1876 2992 utro·
1891 2981 1991 3023 mm„
2007 2978 2070 3039 qu

541 3046 701 3120 rumque
709 3021 954 3097 convenientia
965 3018 1165 3107 inferentes,
1186 3045 1310 3118 eaquae
1323 3018 1725 3093 acciderunt'verbisistis
1737 3036 1776 3092 ut
1795 3022 1878 3090 Pro·
1892 3037 2059 3116 rnucclesta

599 3116 1107 3221 eticisjamantefigurataeffe:
1132 3145 1245 3215 quum
1258 3120 1410 3193 omuino
1421 3116 1496 3193 fieri
1506 3139 1673 3219 nequeat,
1692 3139 1733 3193 ut
1753 3136 1877 3218 praeter
1890 3119 1967 3202 gesta
1978 3118 2063 3196 [Μ’

512 3241 525 3316 ‚t
573 3222 700 3326 piritus
717 3221 830 3296 Sancti
843 3222 1077 3294 intentionem
1089 3240 1163 3293 tam
1179 3224 1296 3293 exacta
1313 3245 1431 3294 rerum
1443 3246 1523 3296 cum
1532 3219 1646 3295 verbis
1669 3219 1881 3295 convenien·
1893 3221 1964 3298 Μ
1975 3199 2078 3264 ”ffl-

512 3327 602 3420 ptiar
617 3318 897 3423 deprehendatur.
950 3319 1016 3394 Sed
1037 3319 1137 3419 quod
1158 3345 1284 3393 eorum
1308 3345 1393 3419 pace
1413 3320 1524 3396 dicere
1539 3322 1657 3410 liceat,
1675 3322 1760 3395 nihil
1780 3318 1825 3394 ab
1841 3319 1881 3391 iis
1894 3278 2074 3427 ffflssm

552 3427 555 3432 ’
622 3417 728 3498 Fertur
742 3419 840 3519 quod
852 3426 1031 3509 exadlum,
1049 3440 1322 3519 temporumque
1345 3420 1472 3495 rationi
1486 3424 1699 3496 conveniens
1721 3419 1784 3495 fit:
1807 3419 1881 3504 suas
1895 3440 2070 3506 „rmum

512 3449 622 3628 {iffi
658 3518 799 3595 eriodos
816 3546 882 3620 pro
891 3520 1004 3595 lubitu
1018 3518 1256 3607 confundunt,
1272 3519 1370 3619 quod
1385 3520 1428 3593 ad
1445 3524 1596 3620 primam
1615 3522 1764 3621 pertinet
1781 3523 1818 3595 in
1836 3518 1883 3593 se·
1898 3523 2054 3597 traditura

512 3549 1143 3708 *trandmtranscribuntdrcontrar
1165 3620 1271 3695 verba
1282 3640 1557 3696 contraomnem
1565 3622 1776 3720 antiquitatis
1784 3620 1886 3698 usum

512 3761 528 3824 r.
544 3727 595 3818 in
607 3725 738 3800 alienos
748 3719 859 3795 sensus
874 3741 1059 3819 torquent3
1076 3748 1186 3797 novas
1200 3746 1334 3797 vocum
1352 3719 1780 3821 fignificationescudunt3
1808 3744 1889 3819 qua

512 3835 523 3914 ἴ
524 3827 689 3928 jocata
701 3821 899 3906 seculorum
912 3820 1037 3897 decade
1045 3820 1296 3924 distinguuntur
1305 3848 1381 3897 non
1389 3824 1426 3895 in
1439 3820 1667 3897 unammodo
1677 3821 1889 3923 periodum,

512 3919 520 3976 ἶ
546 3925 659 4010 sedin
670 3948 778 3998 unam
793 3922 929 4024 periodi
941 3925 1061 4024 petico
1087 3949 1145 3996 am
1164 3924 1399 4024 compingunt
1406 3952 1417 4004 3
1441 3924 1644 4021 patientiam
1654 3924 1724 3997 Dei
1737 3948 1814 4022 erga
1833 3926 1891 4018 Je-

514 4063 517 4068 ·
548 4025 715 4108 :abelem
723 4075 736 4113 ,
753 4049 822 4124 qua
832 4043 969 4122 tempus
983 4024 1014 4097 ei
1028 3950 1085 4097 ad
1081 4021 1347 4123 resipiscendum
1361 4022 1473 4112 dedit,
1489 4024 1691 4124 septennio,
1705 4023 1761 4101 vel
1774 4027 1894 4095 otten-

549 4122 789 4222 nioejusdem
802 4123 972 4223 Jezabelis
995 4122 1167 4224 sepultura
1191 4121 1353 4197 seriorem
1366 4121 1516 4218 faciuntg
1536 4125 1704 4224 pluraque
1727 4147 1893 4198 accumu-

549 4233 633 4310 lant
649 4223 818 4316 absurda,
843 4250 924 4325 quae
948 4250 1038 4298 mox
1052 4225 1221 4324 prolixius
1235 4223 1462 4298 ostendemus.
1509 4227 1665 4300 Tantum
1688 4221 1779 4296 abest
1799 4242 1839 4296 ut
1853 4245 1894 4295 ea

513 4347 522 4356 '
547 4385 553 4392 -
583 4355 644 4407 uae
655 4325 871 4420 exhistoriis,
891 4351 966 4400 nou
979 4351 1109 4427 magno
1123 4324 1213 4425 saepe
1231 4323 1385 4420 judicio,
1402 4325 1616 4399 corraserunt
1632 4321 1836 4413 examuffim
1851 4319 1895 4395 ad
2014 4365 2017 4371 ·

514 4441 521 4448 '
552 4357 799 4536 {piundum
813 4425 923 4509 verba
933 4424 1109 4531 quadrent.
1153 4424 1385 4611 gtpqppsum
1402 4424 1441 4500 in
1461 4424 1660 4506 seculorum
1678 4422 1773 4527 lapsu
1789 4424 1907 4596 lppgq

539 4605 543 4610 .
1327 4549 1352 4612 2
1750 4549 1808 4603 amr
1837 4547 1900 4628 age
