4909 5425
743 507 803 583 ne
828 506 1093 581 Dmosrmoue
1122 504 1321 578 Numnam
1350 513 1403 588 ro
1432 469 1682 581 inormem.
1850 457 1914 601 57x

533 649 689 732 prum,
713 638 776 706 ieret
797 629 837 718 ὁ·
859 657 967 705 revera
987 630 1105 721 decepti
1120 633 1220 719 sune,
1247 626 1290 715 ό·
1309 630 1349 701 de
1364 658 1439 726 *qne
1461 642 1630 735 unicuique
1660 656 1788 713 eentum
1814 667 1882 717 ere.

535 735 609 809 λινε
622 742 719 818 lieet,
744 754 902 832 quantum
923 737 1041 802 meieni
1048 731 1113 821 sne
1133 730 1367 819 consentaneum
1387 733 1560 809 videbitur.
1612 734 1706 831 Quae
1730 741 1880 838 quidem
1998 740 2004 754 ’

534 853 607 910 uos
628 832 820 907 horremus
841 842 882 903 ut
902 822 1064 926 ipsrffima
1088 827 1160 898 cdl»
1186 827 1236 897 τί
1250 825 1381 902 amari,
1947 896 1949 900 ,

584 927 731 1010 xvlt.
762 926 849 1003 Vim
870 926 965 1001 illam
990 948 1070 1026 quae
1092 948 1138 1000 ex
1163 927 1230 1000 celo
1256 926 1293 1000 &
1315 928 1456 1019 fiderem
1477 931 1576 1022 pofieu
1597 931 1657 1008 *ad
1691 935 1876 1031 ingenium
1891 961 1983 1028 xpp,
2004 970 2058 1032 p,

534 1032 574 1108 ἃ
595 1027 763 1105 indolem
780 1027 974 1112 hominum
1000 1023 1201 1114 descendit,
1227 1025 1330 1101 valde
1357 1028 1548 1125 exiguam,
1575 1030 1619 1106 ad
1645 1037 2032 1131 prophetiamstrusstae.

531 1130 642 1310 &ne
661 1126 799 1202 nullam
826 1121 915 1209 effe,
942 1111 1209 1222 persuasrffimus
1231 1123 1320 1200 ium.
1373 1126 1684 1227 Quandoquidem
1705 1131 1786 1207 iilos
1811 1138 1873 1233 qui
1888 1126 2056 1216 rumaren.

625 1224 759 1303 eodem
794 1223 881 1300 coeli
911 1220 1049 1297 influxu
1079 1223 1227 1308 vivunt,
1255 1221 1486 1300 diverfiffimis
1514 1230 1688 1327 ingeniis,
1715 1229 1752 1304 &
1784 1205 2058 1338 conffml*

533 1328 649 1404 trariss
669 1326 826 1401 omnino
846 1322 1009 1397 moribus
1031 1320 1200 1418 praeditos
1226 1319 1295 1397 esse
1315 1321 1425 1398 docet
1450 1329 1668 1423 experientia
1680 1353 1696 1422 3
1719 1330 1874 1429 quantil-
1887 1356 2017 1416 ermen.

529 1423 612 1503 lum
654 1423 707 1500 est
744 1421 848 1523 quod
892 1420 987 1496 astris
1028 1418 1214 1532 debetur?
1262 1419 1300 1498 Si
1343 1442 1429 1498 uero
1477 1422 1523 1497 ad
1564 1422 1717 1504 siderum
1767 1427 1990 1507 flmmeum,
2014 1439 2059 1497 ad

534 1529 575 1601 in
615 1520 692 1624 ipio
724 1521 901 1597 duntaxat
936 1520 1127 1593 nativitatis
1159 1531 1354 1595 momento
1386 1521 1643 1600 attendendum
1676 1525 1751 1621 iit,
1817 1552 1870 1605 uae
1883 1512 2000 1601 W·

535 1621 650 1700 solida
684 1618 856 1720 adfignari
897 1618 1014 1718 potest
1034 1613 1196 1702 cauffo,
1235 1641 1299 1694 cur
1335 1632 1590 1698 momentanea
1619 1624 1679 1701 iila
1717 1552 2046 1740 muller-im*

537 1720 648 1809 latio,
672 1731 866 1796 momento
887 1717 1077 1793 nativitatis
1105 1715 1345 1814 respondens,
1372 1731 1508 1795 tantam
1540 1723 1709 1800 virtutem
1743 1727 1870 1825 impri·
1886 1684 1979 1805 ulex
1996 1686 2047 1730 am

534 1833 611 1897 mat
632 1820 780 1904 animo,
808 1830 848 1891 ut
869 1818 956 1892 alius
976 1813 1130 1891 fiderum
1150 1813 1304 1914 politus,
1320 1813 1499 1916 saepiffinre
1520 1841 1726 1913 recurrens,
1751 1826 1783 1899 ei
1801 1828 1872 1901 im·
2094 1807 2100 1824 ’

531 1918 717 1997 mutandae
741 1938 820 1992 non
845 1911 1018 1991 sufficiat?
1046 1914 1085 1990 Si
1111 1937 1132 1991 a
1159 1927 1353 1991 momento
1381 1916 1660 1995 constellationis
1689 1922 1871 2022 dispofitio

530 2018 835 2122 temperamenti,
859 2014 1016 2112 indeque
1046 2035 1194 2088 morum
1224 2012 1402 2092 diversitas
1438 2014 1666 2116 dependeat,
1693 2025 1869 2122 quoniam

527 2117 710 2219 temporis
731 2115 879 2211 alicujus
906 2135 1010 2188 mora
1042 2113 1234 2213 requiritur
1264 2123 1346 2188 ante
1374 2137 1459 2190 uam
1491 2113 1599 2192 foetus
1628 2130 1807 2196 maternus
1834 2121 1870 2198 se

527 2240 573 2296 ex
594 2229 707 2293 utero
729 2214 919 2313 expediat,
944 2235 963 2288 a
992 2233 1067 2313 quo
1101 2210 1236 2309 pundo
1268 2137 1547 2289 conlellationis
1574 2212 1729 2294 efficacia
1754 2241 1871 2320 expu-

524 2315 638 2395 tanda
659 2313 737 2391 est?
763 2336 807 2388 an
829 2313 873 2387 ab
899 2311 964 2388 illo
1009 2333 1059 2386 uo
1081 2309 1225 2408 prodire
1252 2307 1363 2386 suetus
1385 2312 1542 2410 incipit?
1567 2337 1612 2390 an
1639 2317 1683 2392 ab
1705 2317 1771 2394 isto
1793 2341 1870 2417 quo

525 2415 666 2520 prodiit
685 2414 824 2511 integer
843 2413 880 2485 in
904 2334 1146 2486 diauluminis
1166 2409 1294 2486 auras?
1319 2407 1383 2487 Sin
1396 2423 1516 2487 autem
1530 2435 1569 2489 ea
1590 2437 1668 2515 quae
1685 2418 1777 2493 circa
1796 2416 1872 2495 hoc
1979 2479 1983 2486 .

525 2512 706 2619 punitum
735 2512 924 2587 nativitatis
947 2510 1126 2607 contingit
1148 2511 1319 2596 variatio,
1345 2511 1434 2586 tanti
1457 2533 1534 2587 non
1560 2512 1609 2589 est
1637 2527 1678 2590 ut
1700 2518 1871 2594 mutatio·

525 2638 615 2693 nem
638 2611 828 2712 temperiei
849 2607 1025 2707 infignem
1058 2606 1226 2693 inducat,
1276 2610 1316 2684 ui
1347 2608 1388 2686 iit
1419 2620 1462 2685 ut
1486 2610 1652 2710 gemelli,
1680 2610 1806 2700 Esanus
1831 2615 1870 2693 de

525 2714 706 2820 lacobus,
732 2709 879 2808 ingenio
899 2721 974 2784 tam
995 2706 1152 2794 diverso,
1178 2633 1304 2786 indlrle
1324 2721 1399 2786 tam
1419 2715 1596 2788 contraria
1614 2709 1711 2790 sint?
1734 2716 1782 2793 At
1803 2715 1868 2791 de·

527 2838 634 2899 mue,
659 2811 817 2912 aliquam
838 2807 974 2886 coelesti
995 2805 1147 2883 influxui
1175 2808 1251 2885 vim
1274 2809 1368 2885 circa
1400 2823 1724 2908 temperamentum
1748 2811 1870 2890 homi-

528 2916 583 2991 nie
604 2909 858 3010 denegandam
883 2929 959 2983 non
982 2903 1071 3000 effe3
1097 2905 1185 3007 quid
1209 2906 1283 2984 hoc
1304 2907 1349 2985 ad
1373 2909 1601 3079 prophetiam
1623 2911 1776 2989 attinet?
1801 2934 1868 2987 cu-

527 3015 584 3112 jue
602 3013 730 3089 lumen
752 3031 863 3085 omne
886 3026 964 3082 non
990 3029 1010 3080 a
1037 3002 1191 3082 siderum
1210 3005 1353 3106 pofitu,
1392 3003 1479 3080 eda
1504 3006 1653 3104 gratiosa
1687 3009 1724 3084 &
1758 3007 1867 3083 liber·

524 3114 616 3191 rima
639 3109 731 3186 lucis
750 3105 1005 3206 supercoelestis
1027 3104 1222 3181 radiatione
1243 3105 1301 3181 est.
1354 3113 1380 3177 0
1401 3104 1613 3180 delirationem
1633 3107 1867 3182 incredibilem!

524 3238 587 3288 nere
612 3217 698 3286 eninr
719 3214 818 3284 omnir
835 3233 920 3283 error
932 3207 1074 3301 stultitia
1099 3205 1231 3280 dicenda
1257 3208 1323 3294 est:
1350 3201 1525 3283 exclamat
1542 3206 1588 3281 in
1613 3203 1681 3283 hac
1701 3207 1773 3313 ipsa
1799 3204 1867 3283 dis·

577 3310 719 3388 tatione
742 3315 858 3382 Cicero.
2072 3353 2078 3365 ·

526 3331 741 3489 puXVIII.
768 3406 863 3500 Quae
898 3403 944 3481 de
967 3402 1166 3499 subterranei
1185 3405 1317 3496 spiritur
1348 3403 1457 3498 haustu
1490 3403 1682 3483 instituitur
1706 3404 1865 3505 philoso-

522 3507 678 3614 phatio,
703 3504 852 3582 ridicula
873 3505 945 3591 est,
972 3504 1009 3579 &
1032 3501 1122 3579 mihi
1147 3501 1296 3616 quidem
1320 3503 1468 3603 indigna
1490 3502 1640 3581 homine
1664 3503 1862 3585 Christiano
1879 3452 2030 3615 iffi*

521 3606 590 3689 effe
617 3606 769 3684 videtur.
821 3601 907 3681 Hoc
931 3626 1082 3697 verum3
1107 3597 1335 3678 solitudinem
1360 3601 1475 3679 facere
1498 3602 1544 3680 ad
1573 3602 1764 3683 fovendam
1787 3615 2017 3684 metuendum

521 3705 766 3805 lanchpliam,
791 3705 910 3781 otium
932 3702 1126 3780 solitarium
1147 3702 1308 3777 animum
1331 3700 1468 3801 replere
1490 3703 1590 3779 vanis
1616 3703 1864 3804 phantasmati·
1877 3689 2022 3783 aelaustu

522 3808 614 3896 bus,
639 3826 722 3909 quae
737 3826 826 3904 vaga
841 3805 1018 3902 primum,
1044 3798 1234 3901 saepiusque
1254 3802 1494 3891 recurrentia,
1518 3823 1605 3878 cum
1632 3813 1797 3905 tempore
1822 3803 1863 3879 fi·
1877 3770 2021 3924 ἔφη

641 3933 678 3993 r,
706 3916 748 3981 ut
765 3903 878 3980 multa
898 3900 964 3978 fibi
985 3900 1129 3977 tandem
1148 3897 1353 3999 persuadeat
1373 3897 1596 3989 Eremicola,
1624 3925 1703 4003 quae
1724 3903 1863 3978 nullum
1878 3863 2013 3986 ΜΨ

567 4008 658 4085 bent
675 4002 953 4082 fundamentum
981 3996 1046 4074 nili
1073 4000 1111 4073 in
1136 3994 1233 4075 callis
1260 3998 1327 4075 suis
1353 4001 1679 4100 imaginationibus.
1733 4000 1863 4100 Neque

524 4108 684 4194 inficior,
710 4102 822 4179 halitu
840 4124 887 4177 ex
908 4100 1029 4184 terris,
1082 4096 1245 4178 raelertim
1268 4122 1314 4176 ex
1334 4098 1354 4174 s
1373 4101 1525 4188 ecubus,
1551 4100 1773 4201 prodeunte,
1792 4100 1863 4175 mi-

523 4208 571 4286 rit
590 4206 714 4286 modia
736 4197 828 4277 affici
855 4195 954 4301 polle
979 4121 1176 4275 cerelrum
1226 4123 1388 4279 urnula
1407 4199 1493 4277 hinc
1514 4197 1629 4301 specie
1651 4197 1770 4274 inferri
1790 4221 1863 4300 po.

521 4305 587 4387 lest
604 4303 711 4412 quod
735 4300 870 4380 Petitus
893 4295 1105 4390 contendit3
1131 4296 1247 4372 balitus
1272 4299 1336 4374 illos
1359 4303 1509 4393 terrestres
1531 4306 1588 4400 qui
1605 4297 1791 4392 espeluncis
1810 4326 1863 4375 eo·

520 4408 622 4507 pifim
645 4429 749 4513 quern
770 4426 809 4475 ert
832 4400 903 4474 aliis
926 4401 1001 4477 locis
1022 4416 1215 4493 erumpunt,
1241 4399 1385 4473 nonnihil
1401 4401 1528 4475 latentis
1546 4403 1671 4496 energia
1689 4405 1791 4473 anino
1810 4407 1863 4474 in·

520 4508 636 4602 fleme
658 4503 710 4583 erl
729 4499 935 4678 erltpediender
956 4499 1106 4580 ellim
1125 4505 1346 4678 regindonqiee
1364 4496 1532 4602 ambages,
1553 4520 1592 4574 et
1616 4497 1736 4577 nollem
1759 4506 1861 4674 giam

631 4615 727 4687 fn·
769 4655 780 4677 ⁰
1786 4601 1862 4695 stu·
