4909 5425
500 458 614 609 're
841 475 844 479 ¹
999 503 1475 590 Lini-cnam·
1600 483 1605 494 ⁶

396 692 459 762 xii
473 694 563 758 M‘ra
625 646 723 732 XII.
748 643 912 741 Laudem
949 639 1046 717 suam
1080 646 1238 751 meretur
1263 637 1496 752 quorundam
1534 634 1745 756 Sacrorum
1781 636 1918 757 Scripta

418 715 526 836 uolua-⁸
577 767 660 832 runi
683 747 890 850 eloquentia
914 769 924 836 ;
950 740 1009 817 sed
1036 762 1105 815 nec
1136 759 1255 813 nunus
1285 737 1467 835 dignitatis
1491 736 1598 812 habet
1620 739 1798 817 altorum
1829 755 1919 819 natur

397 797 534 919 ltamen-
579 869 613 931 at
640 876 685 926 ue
712 854 898 943 incompta
926 839 1154 940 fimpiicitas3
1181 849 1331 935 utraque
1363 839 1439 935 pari
1470 839 1695 925 reverentia,
1727 840 1773 915 Sc
1803 843 1919 943 pietatis

399 934 525 1015 penta.
579 980 598 1030 a
627 949 704 1026 etio
721 941 946 1044 suscipienda.
994 941 1101 1035 Jefiria
1127 935 1373 1035 eloquentiam
1399 934 1578 1033 eleganter
1602 935 1781 1017 laudavit
1811 942 1920 1016 Tleelr-

578 1080 635 1128 rus
659 1048 861 1127 Bibliander,
884 1050 918 1116 in
944 1042 1094 1114 Trallatu
1119 1036 1158 1110 de
1190 1041 1317 1122 Ratione
1339 1034 1473 1128 discendi
1495 1035 1669 1117 Hebraica.
1724 1047 1816 1116 Non
1846 1042 1919 1140 neglo

580 1155 653 1238 iia,
677 1149 815 1247 inquit,
842 1140 940 1237 estat
971 1147 1012 1213 eir
1035 1136 1194 1229 numerosa
1219 1133 1387 1229 comprrfitio
1409 1142 1582 1224 orationis,
1606 1155 1649 1210 ut
1677 1157 1810 1233 prater
1832 1145 1920 1239 viba

583 1278 648 1327 rem
670 1277 723 1323 can
738 1245 919 1319 reetndinem
943 1240 1046 1311 malta
1068 1241 1268 1309 enunciarint
1289 1240 1323 1307 in
1345 1240 1474 1306 aurium
1526 1242 1639 1309 otiam.
1695 1246 1813 1335 cuius
1829 1250 1873 1317 eei
1885 1244 1921 1335 se·

544 1346 547 1350 ’
583 1360 626 1425 tis
647 1374 764 1425 certam
788 1344 889 1442 fidem
913 1343 1021 1432 Jefiria
1045 1360 1132 1411 vocer
1158 1333 1262 1418 bella,
1287 1262 1528 1426 comparing
1561 1335 1767 1414 emblemata
1802 1342 1922 1443 anteon

588 1460 663 1543 Cap.
685 1465 768 1521 xxv.
784 1441 879 1538 pafita
892 1440 1037 1536 facient,
1062 1462 1128 1535 qua
1143 1433 1190 1523 fic
1213 1460 1297 1507 meae
1329 1458 1420 1505 amer
1447 1433 1643 1520 demulcent,
1669 1455 1718 1511 ut
1750 1466 1819 1515 non
1841 1462 1924 1537 puta

586 1552 728 1639 Ifircratir
745 1542 909 1615 tinnulam
930 1535 1167 1632 campofitionem
1190 1537 1303 1627 majori
1314 1532 1479 1625 suauitate
1500 1533 1682 1609 blanditam
1701 1543 1767 1639 ‘uel
1790 1541 1925 1635 deliratis

574 1656 665 1742 fimis
695 1651 816 1718 Gracir.
870 1649 1037 1740 Qnmqne
1060 1659 1185 1710 cernam
1222 1638 1302 1706 artis
1324 1631 1486 1719 Rhetoricae
1512 1659 1662 1721 nmmos,
1692 1638 1749 1711 all
1774 1668 1858 1743 quas
1877 1648 1926 1717 ed·

579 1754 670 1847 giem
688 1740 906 1839 'compostianir
929 1739 1036 1831 lepor,
1062 1731 1234 1825 alnfionem
1257 1729 1298 1819 ἐς
1329 1740 1536 1824 repetitionem
1553 1758 1697 1823 vacum,
1718 1739 1847 1830 fimitis
1874 1748 1926 1817 ω’.

585 1866 661 1930 tur,
687 1841 942 1942 &parilitatem
962 1833 1172 1936 spirbaum,
1198 1857 1261 1904 non
1281 1850 1354 1925 perro
1381 1856 1430 1905 me
1449 1832 1510 1933 bic.
1528 1832 1639 1907 bahem
1667 1841 1790 1914 Mida
1816 1850 1926 1919 ama-

586 1952 643 2019 lar.
695 1951 753 2019 Sic
777 1948 859 2016 enim
894 1933 1088 2028 Clarffmm
1111 1939 1146 2005 in
1174 1931 1293 2030 eloquio
1307 1932 1397 2025 sarcre
1429 1929 1539 2033 siletur
1564 1932 1691 2011 locutas
1729 1945 1785 2035 est.
1832 1962 1925 2033 rm

584 2058 685 2123 oreon
715 2064 818 2121 unna
849 2054 975 2116 mnan
1004 2050 1103 2109 oum
1133 2052 1260 2109 renuo
1290 2051 1375 2108 enm
1404 2050 1467 2107 mn
1491 2051 1589 2139 prom
1613 2028 1673 2115 ini
1709 2060 1830 2122 nixu
1843 2056 1918 2117 terr

585 2153 698 2237 oppio
723 2149 823 2210 omont
848 2150 963 2206 o’nun·
1013 2127 1091 2196 Non
1115 2139 1192 2214 pate
1217 2146 1396 2223 quenquam
1413 2119 1460 2211 fic
1478 2133 1597 2215 jacenti
1628 2156 1745 2226 arere,
1771 2134 1831 2208 vel
1851 2134 1929 2229 leue

585 2228 758 2301 literatura
775 2222 944 2316 adversum
961 2222 1015 2320 effe
1026 2227 1049 2311 ,'
1061 2226 1140 2320 quin
1146 2221 1297 2317 finientur
1317 2229 1350 2293 in
1371 2220 1444 2306 tac,
1470 2221 1511 2309 (ς
1528 2230 1708 2308 innumeris
1735 2236 1818 2311 aliis
1842 2234 1930 2337 ilge·

565 2336 667 2416 nm,
691 2324 847 2399 Hebraico.
854 2325 989 2418 firmani
1010 2327 1106 2394 etiam
1119 2322 1196 2414 snas
1217 2325 1270 2420 effe
1288 2346 1412 2395 venerer
1427 2319 1467 2408 (ς’
1483 2332 1617 2420 gratiae.

403 2431 573 2503 xistaitta
636 2422 758 2505 Xili.
794 2421 890 2499 Alibi
916 2432 1039 2496 tamen
1066 2419 1105 2492 in
1133 2419 1231 2495 sacro
1267 2417 1430 2495 sermone
1457 2418 1661 2523 simplicitas
1691 2445 1861 2533 regnat,
1883 2458 1932 2511 ne·

404 2512 528 2610 ramsa-
589 2548 659 2628 que
677 2518 1113 2599 inficiatus·estPau1usse
1134 2513 1202 2594 else
1227 2518 1350 2591 itidem
1367 2523 1416 2592 aci
1434 2525 1530 2616 alep.
1552 2527 1760 2611 200221·
1779 2548 1820 2613 6.
1845 2534 1932 2635 quod

402 2591 557 2686 βψ·
587 2635 684 2703 certe
706 2643 808 2721 aeque
833 2616 903 2695 sassi
921 2615 1060 2694 suissent
1078 2615 1203 2694 Petrus
1232 2618 1270 2695 dr
1317 2620 1488 2700 ohannes,
1539 2622 1610 2702 Sed
1638 2649 1723 2705 non
1759 2633 1819 2710 est
1845 2656 1933 2712 con·

402 2673 526 2754 pacata.
588 2720 809 2802 mittendum
827 2733 869 2796 ut
884 2722 963 2821 quis
983 2716 1159 2817 ejusmodi
1173 2718 1278 2819 prose
1305 2742 1390 2796 rone
1411 2721 1585 2801 abutatur.
1634 2727 1777 2832 Neque
1797 2736 1853 2811 ita
1870 2759 1933 2811 ver·

586 2822 736 2902 sendum
766 2821 818 2897 est
847 2823 887 2895 in
911 2817 1086 2896 sacrarum
1120 2816 1304 2895 literarum
1340 2841 1386 2893 ex
1413 2820 1586 2912 osrtione,
1612 2839 1654 2903 ut
1686 2832 1932 2912 existimemur

586 2925 780 3025 sapientem
818 2920 904 2997 inde
935 2917 1071 2996 sensum
1103 2916 1186 2994 elici
1218 2940 1295 2993 non
1324 2841 1446 3017 polle,
1473 2921 1536 2998 nisr
1563 2927 1669 3003 verba
1706 2929 1932 3012 Divinorum

587 3025 803 3122 scriptorum
821 3020 1066 3120 corrigantur,
1092 3015 1128 3091 &
1149 3018 1252 3092 venia
1271 3018 1312 3091 iis
1331 3015 1436 3093 detur
1454 3021 1705 3102 incommodae
1731 3042 1856 3134 atque
1879 3039 1931 3111 in

587 3125 711 3222 peritae
735 3122 932 3197 locutionis
947 3144 959 3193 :-
983 3113 1080 3217 quasa
1105 3138 1173 3192 nos
1198 3138 1266 3216 pro
1298 3116 1417 3192 nostra
1450 3119 1597 3199 dicendi
1624 3126 1662 3201 &
1691 3131 1932 3211 ratiocinandi

615 3221 714 3295 eritia
737 3219 849 3294 alium
869 3221 1072 3294 sermonem
1093 3212 1298 3292 substituere
1319 3214 1523 3312 valeamus,
1548 3246 1625 3323 quo
1648 3249 1755 3304 mens
1785 3233 1932 3334 spiriru

586 3243 704 3395 lamii
730 3317 882 3402 melius,
909 3314 1101 3392 dilucidius
1122 3329 1229 3415 atque
1250 3312 1430 3394 efficacius
1449 3321 1647 3420 explicetur
1666 3347 1788 3502 guam
1813 3355 1836 3409 a
1865 3333 1933 3410 viris

587 3415 663 3495 Dei
680 3415 812 3492 salium
836 3417 896 3492 est.
946 3414 1056 3491 Tunc
1083 3412 1235 3489 demum
1257 3417 1338 3515 quis
1374 3417 1412 3491 in
1434 3418 1646 3520 assequenda
1691 3428 1835 3524 pinitus
1857 3431 1935 3512 San·

588 3515 634 3592 ui
658 3525 782 3592 mente
813 3518 881 3592 rite
909 3513 1076 3615 proficit,
1101 3512 1165 3588 ubi
1192 3512 1431 3613 deprehendit
1455 3530 1529 3595 tarn
1558 3520 1678 3599 exalte
1710 3548 1802 3607 eam
1835 3553 1935 3636 quan

588 3615 752 3716 concipit
773 3612 986 3691 sententiam
1006 3613 1077 3689 iliis
1098 3613 1215 3689 verbis
1242 3615 1441 3702 contineri,
1466 3619 1791 3706 commodioribus
1817 3645 1863 3709 ut
1883 3653 1936 3710 er·

587 3717 680 3818 poni
704 3727 872 3817 nequeat.
921 3711 1051 3830 quue
1068 3717 1189 3790 omnis
1213 3713 1332 3790 nostra
1357 3722 1621 3797 commentatio
1644 3721 1848 3826 dirigenda
1873 3730 1934 3818 est,
1966 3773 1967 3784 Ν

587 3839 666 3893 non
690 3825 733 3891 ut
750 3815 859 3890 verba
883 3812 1040 3893 Domini
1071 3822 1344 3891 commutentur
1372 3816 1520 3907 nostris,
1544 3842 1625 3922 quae
1649 3821 1755 3901 stulte
1793 3831 1843 3909 iis
1867 3853 1935 3909 me.

587 3917 678 3993 liora
699 3909 766 3990 esse
788 3925 982 4015 putemus,
1007 3911 1067 3988 sed
1098 3925 1140 3987 ut
1169 3909 1337 4011 sapientia
1370 3914 1515 3996 Divinae
1547 3920 1722 3999 orationis
1748 3929 1934 4008 mannen

587 4015 651 4093 liat
671 4013 718 4093 ad
736 4011 999 4098 conscientiam.
1051 4011 1093 4090 ld
1117 4010 1143 4087 fi
1167 4012 1336 4088 nondum
1363 4016 1485 4093 videre
1510 4020 1618 4096 nobis
1643 4026 1868 4128 contingat,
1893 4031 1935 4109 se·

588 4113 731 4192 teamlu
764 4116 817 4190 im
866 4113 983 4190 titiam
1012 4111 1193 4199 nostram,
1220 4125 1329 4214 atque
1361 4118 1371 4191 i
1425 4120 1601 4195 orantium
1634 4119 1721 4197 sacri
1746 4124 1935 4208 sermone

589 4213 666 4293 Nisr
689 4217 790 4294 enim
876 4211 972 4289 ditur
988 4210 1155 4288 subruere
1180 4212 1332 4326 velimus
1395 4218 1527 4297 irinam
1552 4218 1727 4300 sacrarum
1747 4224 1941 4364 literatura

588 4313 862 4408 auttoritatem,
884 4313 1034 4392 firmiter
1050 4311 1251 4390 tenendum
1269 4314 1339 4402 est,
1363 4338 1487 4395 earum
1506 4320 1614 4398 verba
1639 4324 1746 4400 verba
1761 4324 1845 4407 Dei
1862 4327 1934 4410 else.

589 4407 666 4491 Dei
679 4425 811 4494 autem
830 4414 948 4493 verbis
969 4412 1188 4515 imperitiam
1204 4410 1419 4502 adscribere,
1445 4439 1526 4518 quae
1549 4421 1669 4499 nostra
1690 4419 1834 4504 scilicet
1855 4453 1936 4509 cor.

589 4507 750 4638 retbere
768 4509 952 4617 indigeat,
976 4535 1076 4596 mera
1094 4509 1144 4592 esi
1171 4509 1365 4618 profanitas
1385 4514 1423 4596 δι
1443 4516 1622 4602 horrenda
1652 4521 1735 4602 blas
1751 4522 1892 4712 hel}

587 4635 624 4662 ⁶·
662 4647 670 4666 ·
714 4631 744 4670 ¹¹·
766 4649 784 4670 ··
1830 4685 1839 4706 ·
1890 4649 1936 4710 ou

1301 4767 1313 4828 l
1437 4805 1443 4818 .
