4909 5425
709 534 714 545 .
796 474 1328 555 Da·courmurr.1’roaner.
1351 492 1445 550 rose
1463 448 1644 556 moeror„
1838 508 1894 575 303

537 622 583 673 ae
591 602 686 701 fine,
711 626 781 703 qua
801 600 884 675 rsit
906 602 1039 703 Nyffino
1061 609 1096 674 in
1117 603 1182 691 ejus
1206 606 1304 682 Vita,
1331 598 1530 694 &pffmt
1553 602 1662 694 Rafisio
1684 602 1763 697 ipsi,
1795 604 1894 681 Ysrer.

535 698 677 809 breta,
698 708 846 790 Socrate,
871 710 1023 798 Evagrio,
1050 701 1153 775 Suida
1166 696 1230 785 &a
1251 698 1462 785 tribuuntur,
1488 703 1572 774 ande
1593 702 1815 802 ibrumrrtmgi
1835 733 1892 779 nr·
1910 756 1912 761 .

535 822 639 883 uer,
665 798 708 887 ὰ
726 804 855 874 alterius
879 800 982 891 Mofir.
1033 801 1146 875 Multa
1169 817 1251 872 certe
1279 800 1366 890 apud
1392 802 1564 901 Nyffenum
1590 805 1704 876 anilem
1728 805 1891 901 quandam

535 898 764 973 arduitatem
775 904 909 994 spirant.

520 990 524 997 ’
591 992 760 1075 XVIII.
788 996 947 1083 Verum,
973 996 1069 1087 esso,
1094 993 1199 1071 detur
1221 993 1428 1095 aliquandiu
1449 996 1686 1098 Prophetieos
1707 998 1745 1074 in
1766 994 1887 1075 Eccle·
1909 1006 2019 1074 xvlll.

532 1088 585 1173 fia
608 1092 722 1172 Viros
747 1093 925 1186 floruisse,
950 1119 1069 1196 neque
1102 1091 1273 1192 adsignari
1333 1091 1404 1171 osse
1435 1096 1714 1175 determinatum
1741 1110 1884 1196 tempus
1907 1091 2071 1181 perserper-

532 1216 619 1309 quo
643 1192 829 1287 deberint3
856 1217 932 1270 non
956 1209 1047 1293 puto
1078 1194 1261 1270 tamenin
1303 1194 1391 1269 acris
1416 1193 1525 1271 literis
1552 1198 1702 1272 inveniri
1729 1185 2075 1303 declara-1222&

532 1302 683 1369 taonem
720 1292 880 1394 aliquam
911 1290 1055 1373 Divinae
1087 1291 1312 1382 voluntatis,
1344 1314 1415 1392 qua
1441 1294 1662 1370 constituerit
1694 1293 1883 1395 Propheti-
1905 1325 2041 1383 marr,

531 1406 629 1471 urm
650 1413 784 1468 munus
806 1393 845 1467 in
864 1389 1016 1469 Ecclesia
1042 1392 1263 1470 continuare.
1316 1388 1411 1469 Nam
1435 1415 1515 1493 quae
1537 1393 1633 1493 apud
1650 1393 1793 1495 Joe'sem
1819 1414 1882 1469 ex·
1905 1411 2074 1474 nemrerre

531 1488 605 1567 siat
648 1486 826 1576 romiffio,
853 1490 991 1569 aPetro
1011 1490 1181 1592 repetita,
1206 1486 1546 1590 modoqueanobis
1566 1492 1725 1578 laudata,
1752 1492 1881 1571 raalio
1905 1490 2065 1615 wlff:

524 1512 690 1691 -spesgre
723 1588 874 1667 ridetur.
927 1588 1115 1688 Prophetis
1147 1589 1185 1665 in
1215 1584 1447 1666 Testamento
1468 1587 1595 1667 Veteri
1623 1591 1782 1669 solemne
1806 1591 1879 1678 est,
1900 1576 2015 1715 {Q

529 1698 618 1765 tum
639 1682 859 1765 officiatum
882 1687 1055 1765 beneficia
1075 1687 1236 1764 fidelium
1255 1684 1354 1762 Novi
1375 1686 1594 1764 Testamenti
1619 1690 1793 1788 ejusmodi
1817 1713 1880 1769 ex·

529 1789 694 1889 primere
724 1786 912 1876 formulis,
936 1810 1016 1888 quae
1040 1798 1211 1888 petuntur
1240 1784 1277 1860 &
1304 1785 1354 1860 ob
1379 1782 1506 1864 officiis
1528 1790 1678 1865 maximi
1705 1792 1795 1867 inter
1814 1789 1879 1891 Ju-

529 1884 784 1986 daeosrpretii,
812 1886 888 1961 &a
914 1886 1094 1963 beneficiis
1144 1907 1198 1960 uae
1215 1882 1347 1985 priscus
1372 1884 1431 1960 isse
1453 1888 1611 1988 populus
1636 1892 1793 1965 maxime
1815 1875 1878 1989 ap-

529 1985 692 2087 petebat
742 1984 802 2063 Sic
823 1981 941 2062 officia
964 1985 1082 2063 cultus
1113 1910 1297 2084 spiritualis
1321 1984 1359 2060 dr
1386 1987 1586 2078 rationalis,
1610 1987 1673 2063 sub
1700 1987 1878 2067 oerum.-

529 2086 609 2163 mia
641 2082 861 2162 Testamenti
893 2084 1016 2169 Novi,
1042 2083 1288 2160 describuntur
1320 2106 1385 2183 per
1409 2083 1619 2163 adscendere
1647 2089 1685 2162 in
1711 2100 1877 2164 montem

529 2180 670 2261 domus
689 2181 866 2269 Domini,
892 2182 1064 2259 aedificare
1084 2180 1147 2283 ipsr
1165 2180 1294 2265 altare,
1320 2180 1450 2257 oslerre
1472 2184 1658 2261 incensum
1681 2187 1718 2262 δι
1742 2208 1874 2263 munus

527 2304 692 2385 purum,
718 2282 869 2359 masiare
898 2281 1082 2366 visiimas,
1110 2278 1287 2356 celebrare
1319 2277 1485 2372 sabbata3
1511 2283 1548 2357 ἃ
1581 2306 1660 2383 quae
1693 2284 1729 2360 id
1761 2305 1876 2383 genus

528 2394 733 2461 occurrunt
781 2382 916 2459 lurima.
966 2378 1011 2458 Et
1033 2379 1204 2457 beneficia
1231 2376 1434 2457 Christianae
1455 2379 1616 2458 Ecclesiae
1640 2382 1807 2460 destinata
1833 2379 1877 2457 sr-

528 2478 680 2561 milibus
697 2404 942 2557 dessribuntur
960 2479 1222 2557 locutionibus.
1272 2475 1412 2555 Eodem
1429 2480 1483 2555 hae
1504 2504 1653 2582 quoque
1673 2485 1876 2583 pertinent,

529 2580 665 2683 quibus
689 2578 774 2682 Joel
805 2584 925 2658 utitur.
977 2580 1161 2658 Nimirum
1194 2576 1257 2654 suh
1290 2574 1413 2654 Veteri
1439 2578 1671 2658 Testamento
1706 2583 1875 2682 vigebant

557 2680 752 2780 rophetiae,
778 2679 935 2767 somnia,
959 2678 1214 2763 revelationes,
1241 2676 1327 2756 Deo
1346 2676 1379 2752 se
1397 2678 1606 2758 immediate
1629 2680 1874 2783 patefaciente.

526 2702 573 2858 sd
593 2803 694 2858 nunc
714 2778 921 2857 transfertur
944 2780 990 2856 ad
1010 2777 1282 2859 Oeconomiam
1304 2775 1524 2854 Testamenti
1548 2779 1674 2867 Novi,
1700 2794 1742 2857 ut
1766 2781 1873 2881 phra-

525 2875 647 2980 sipro
673 2876 790 2956 hetica
826 2877 1028 2977 designetur
1050 2877 1267 2954 abundantia
1298 2876 1387 2951 lucis
1411 2875 1447 2949 &
1470 2880 1690 2974 cognitionis
1713 2877 1807 2963 Dei,
1835 2876 1874 2950 &

525 2976 634 3080 prose
692 2980 767 3056 sin
789 3002 828 3056 ea
841 3004 854 3074 ;
880 3000 961 3079 quae
985 2992 1081 3053 tanta
1106 2988 1180 3052 erat
1201 2975 1338 3059 sutura,
1365 2986 1406 3049 ut
1428 2973 1550 3050 fideles
1574 2978 1726 3073 gregarii
1747 2974 1872 3051 Tessa-

525 3077 647 3156 menti
666 3075 785 3163 Nori,
811 3078 932 3155 collati
964 3101 1049 3154 cum
1078 3075 1245 3154 fidelibus
1265 3073 1432 3246 greqariis
1457 3071 1678 3150 Testamenti
1708 3072 1873 3160 Veteris.

1350 3195 1393 3259 o,
1420 3185 1597 3273 quantum
1617 3170 1685 3250 suit
1703 3173 1793 3250 olim
1814 3178 1870 3250 in·
1927 3185 1944 3214 “

525 3187 606 3256 erm
624 3175 740 3352 lonqqr
762 3177 856 3278 ipsos
877 3175 1070 3276 superatori
1092 3173 1162 3250 fint
1185 3172 1335 3249 interval

729 3288 827 3361 etas,
852 3275 889 3351 dr
913 3275 1002 3352 alios
1027 3297 1074 3350 en
1099 3272 1206 3373 plebe
1228 3272 1406 3348 homines.
1457 3270 1593 3351 Conser
1618 3272 1776 3371 ejusdem
1812 3298 1869 3352 ar·

523 3289 584 3354 ter
607 3273 677 3354 Pro

525 3299 703 3478 grarrrentliJ
717 3371 975 3475 promissiones.
996 3372 1180 3474 Jesxr.9.
1207 3369 1276 3471 Jer.
1292 3393 1401 3449 xxxr.
1419 3396 1476 3472 34.
1514 3395 1710 3473 earumque
1739 3373 1870 3474 imple·

523 3473 756 3578 plementum
793 3472 908 3574 1J0h.
926 3500 982 3554 11.
995 3498 1054 3570 27.
1104 3469 1253 3549 Interim
1278 3469 1371 3546 illius
1394 3473 1445 3546 rei
1470 3473 1646 3554 eximium
1671 3483 1779 3573 atque
1802 3494 1868 3548 ex·

524 3571 805 3654 traordinarium
831 3571 1019 3674 quoddam
1040 3583 1320 3671 argumentum,
1347 3592 1389 3645 ac
1410 3571 1520 3647 veluti
1543 3571 1707 3662 arrham,
1733 3571 1869 3649 exstare

523 3671 634 3758 Deus
657 3671 796 3759 voluit,
821 3676 859 3747 in
880 3670 1080 3748 incredibili
1100 3670 1159 3746 illa
1183 3668 1324 3770 spiritus
1344 3666 1514 3745 effusione
1535 3694 1606 3771 qua
1627 3670 1767 3748 masiati
1787 3671 1868 3746 sunt

523 3769 717 3876 Apostoli3
741 3774 845 3872 cujus
878 3770 917 3846 dr
950 3769 1040 3847 alios
1066 3768 1240 3873 quosdam
1273 3769 1398 3869 primis
1433 3768 1502 3846 illis
1527 3770 1752 3871 temporibus
1777 3792 1868 3846 con·

524 3873 642 3954 sortes
670 3869 779 3962 secit,
804 3872 841 3948 dr
870 3871 908 3946 in
968 3893 1013 3945 ua
1037 3871 1145 3945 verba
1176 3868 1247 3968 ipsa
1283 3867 1482 3969 prophetiae
1511 3870 1706 3970 implentur
1740 3867 1788 3946 sic
1825 3881 1867 3950 ut

523 3971 711 4050 tinniunt:
737 3983 779 4045 ut
800 3994 846 4048 ex
869 3969 937 4045 illis
987 3991 1062 4044 rma
1077 3970 1356 4044 ratiocinatione
1379 3968 1589 4066 colligerent
1609 3967 1748 4054 fideles,
1776 3957 1865 4082 quid

523 4069 592 4152 fibi
616 4093 638 4146 a
661 4066 796 4148 Dirsna
823 4092 849 4145 o
876 4068 1007 4144 ulentia
1032 4066 1228 4167 exspessare
1257 4067 1388 4145 liceret
1439 4065 1565 4145 Fidem
1591 4069 1677 4145 huic
1703 4067 1863 4166 explrca·

523 4171 620 4252 tioni
641 4165 744 4260 hest,
768 4181 810 4246 ut
832 4093 899 4245 asia
916 4180 1147 4269 praeteream,
1173 4167 1267 4245 Petri
1300 4167 1344 4243 ad
1376 4165 1519 4267 Judaeos
1547 4167 1744 4268 alloquium
1777 4164 1861 4242 vers

524 4287 587 4372 3⁸·
601 4269 640 4346 &
655 4294 713 4366 39.
735 4271 900 4367 shfipiscirr
926 4267 969 4356 ὁ·
1000 4267 1179 4363 baptizetur
1198 4270 1405 4367 unusquiffiue
1429 4272 1562 4362 vqslrum
1590 4275 1625 4340 in
1648 4293 1757 4340 nornen
1784 4266 1863 4360 Jrfu

523 4373 664 4462 cbrfflr',
687 4377 722 4444 ir
742 4370 942 4462 rrrrrffrnrrrr
960 4389 1176 4463 peccatorum:
1202 4363 1243 4454 (ξ’
1270 4374 1419 4462 accipietis
1436 4367 1553 4441 donum
1578 4373 1712 4460 Spiritus
1744 4368 1861 4445 sanor.

521 4471 622 4556 robis
643 4478 726 4568 rain
739 4471 832 4572 falla
852 4473 893 4572 es
915 4470 1066 4570 Μῶν
1077 4523 1092 4564 ,
1114 4465 1155 4560 6*
1177 4468 1281 4546 liberis
1303 4473 1431 4567 nosris,
1456 4459 1496 4559 ἀ
1525 4466 1667 4546 omnibus
1695 4469 1781 4569 sange
1801 4471 1863 4670 qast

1822 4594 1865 4644 u-
