4909 5425
875 368 887 403 h·

822 479 880 553 De
906 480 1173 560 Scnrsnsnu
1204 480 1607 559 Donorrsrsuun·
1807 490 1883 579 607

612 609 678 681 IX.
706 606 888 682 Concilium
906 609 1155 706 Carthaginiense
1165 616 1316 704 primum.
1372 614 1414 690 Χ.
1445 609 1630 705 Julianus,
1651 623 1689 679 ut
1713 606 1885 696 discordias

605 712 693 788 inter
708 709 902 797 Christianos
910 710 1162 803 foveret,fiaoct
1173 711 1364 794 Donatistis.
1411 712 1479 787 xl.
1511 713 1581 804 Qi
1591 711 1661 807 ejus
1676 709 1763 804 fulti
1771 713 1881 809 prefi-

507 900 519 907 ,
602 818 668 929 piis
684 826 716 891 in
725 810 1272 915 secrctcffimaquaequeimmcniter
1281 812 1434 904 seviunt.

599 1030 603 1031 γ
622 1030 647 1057 ,.
655 1026 713 1199 gg}
735 1035 826 1130 sque
850 1035 927 1110 haec
939 1036 1082 1137 quidem
1095 1040 1113 1112 ir
1128 1043 1312 1114 Donaststts
1326 1036 1413 1137 gesta
1427 1035 1504 1110 sunt
1516 1060 1628 1133 quum
1644 1037 1877 1135 hiujomttum
1899 1067 1928 1127 1.
1942 1061 2000 1125 sub
2014 1063 2078 1124 De-

752 1133 850 1207 sectae
875 1136 943 1210 suae
960 1137 1174 1239 Episcopum
1198 1140 1290 1239 apud
1310 1141 1535 1236 Carthaginem
1560 1136 1732 1208 haberent.
1780 1138 1820 1209 Ei
1834 1134 1880 1208 la·
1896 1145 1964 1204 nati
1982 1144 2055 1223 Ept-

576 1226 664 1309 'ess'i‘
754 1235 796 1303 tis
817 1231 937 1307 hincho
959 1240 1048 1311 circa
1064 1266 1197 1314 annum
1225 1265 1394 1316 cccxxxr.
1418 1235 1571 1313 succeffit
1604 1244 1785 1315 Dont‘rus
1807 1221 2074 1324 illess⁶⁰l“‘¹“¹‘'

552 1340 655 1429 cujus
669 1335 810 1404 iconem
827 1332 926 1430 supra
945 1335 1115 1411 dedimus.
1166 1344 1252 1429 Qro
1267 1339 1499 1439 gubernante,
1521 1339 1610 1421 alias
1646 1355 1680 1409 at
1699 1337 1801 1436 longe
1822 1334 1879 1406 de·
1897 1301 2075 1462 3ῆίἵῖᾸί

550 1441 686 1520 terior,
713 1458 830 1504 rerum
852 1437 1143 1512 Donatisticarum
1159 1437 1259 1513 iacies
1274 1438 1349 1514 luit.
1413 1440 1504 1512 Facti
1525 1459 1609 1510 tunc
1622 1460 1679 1508 ma
1704 1437 1731 1508 is
1757 1433 1878 1534 magis-
1896 1460 2018 1545 mppr„

553 1566 624 1641 que
638 1533 714 1607 scint
729 1533 905 1607 mirabiles
901 1538 1117 1706 Ipragmatici
1132 1590 1143 1625 ,
1165 1539 1342 1638 magisque
1358 1538 1550 1636 verfipelles
1564 1539 1595 1610 dc
1609 1463 1736 1609 vertisti
1751 1538 1883 1610 calum·

548 1643 729 1724 uiatores,
758 1658 864 1729 quam
877 1663 900 1707 u
926 1635 1238 1733 iunquamfuerint
1251 1641 1285 1710 in
1304 1637 1365 1711 suo
1381 1636 1460 1710 foro
1477 1635 1661 1711 cauffidici.
1673 1637 1699 1709 F
1701 1637 1765 1708 acti
1775 1639 1882 1709 etiam

548 1739 756 1845 gladiatores
773 1735 877 1832 magis
895 1735 1124 1834 sanguinarii,
1151 1765 1259 1835 quam
1276 1739 1389 1813 ulliin
1402 1738 1513 1810 castris
1533 1736 1882 1832 educatimilites,qui

548 1867 627 1919 non
650 1860 692 1906 ex
704 1834 780 1926 jure
796 1859 901 1907 manu
918 1836 1143 1925 consertum,
1172 1838 1225 1910 secl
1237 1864 1337 1937 ¹mage
1353 1836 1443 1909 ferro
1469 1835 1536 1928 (ut
1555 1838 1602 1910 ait
1613 1840 1763 1934 Ennius)
1806 1862 1882 1908 rem

546 1951 726 2041 repetunt.
775 1936 899 2023 Qum
917 1938 1204 2016 enimDonntus
1225 1937 1377 2035 superbo
1390 1935 1584 2009 admodum
1609 1963 1649 2012 ac
1662 1935 1770 2010 feroci
1790 1963 1880 2035 prae·

549 2042 645 2117 ditus
655 2033 732 2108 effer
752 2032 894 2132 ingenio
908 2087 919 2121 ,
947 2038 1032 2108 nihil
1044 2036 1106 2110 fibi
1127 2040 1288 2112 illicitum
1301 2034 1365 2110 else
1380 2035 1512 2111 censuit
1527 2088 1542 2126 ,
1566 2062 1640 2136 quo
1655 2038 1774 2110 &aliis
1789 2061 1880 2136 aegre

546 2140 701 2218 laceret,
718 2131 932 2230 suorumque
945 2138 1139 2232 potentiam
1154 2157 1303 2233 augeret.
1909 2186 1928 2203 ,-

650 2237 694 2310 ΙΙ.
723 2234 994 2332 Docenteigitur
1010 2238 1090 2324 illo,
1103 2241 1154 2322 dc,
1166 2230 1216 2310 uti
1233 2236 1367 2310 credere
1377 2261 1439 2333 par
1452 2235 1516 2324 est,
1532 2235 1702 2323 hortante,
1720 2235 1788 2306 orti
1803 2232 1880 2305 sunt
1899 2236 1937 2295 11·
1956 2231 2043 2327 Tm

538 2338 591 2413 'in
611 2334 718 2408 Africa
734 2337 1031 2422 Circumcelliones,
1043 2357 1213 2435 corrupto
1228 2335 1407 2409 vocabulo
1424 2337 1621 2409 circelliones
1636 2334 1739 2424 dicti,
1783 2331 1880 2430 quod
1902 2325 1962 2373 Μ’
1972 2316 2036 2455 ς’ἱῒ

549 2440 688 2513 circum
704 2434 804 2512 Cellas
813 2457 1032 2533 vagarentur.
1065 2436 1231 2517 Donatus
1245 2436 1470 2533 Agenissices,
1498 2461 1688 2531 eorumque
1700 2431 1881 2533 pracledtos
1898 2412 1999 2536 ,εἴτε
2019 2411 2064 2453 ‘⁰'

546 2544 662 2619 Duces
678 2537 881 2622 Sannorum,
898 2538 1107 2610 nominavit.
1138 2539 1241 2611 Erant
1256 2560 1373 2612 autem
1385 2562 1493 2636 genus
1509 2537 1698 2607 hominum
1711 2534 1832 2633 agreste
1848 2536 1881 2608 δι

546 2639 681 2724 audax,
700 2637 759 2734 qui
778 2635 812 2707 se
826 2663 895 2735 pro
908 2635 1010 2713 serbe
1018 2635 1256 2712 defensoribus
1265 2635 1449 2741 gerebant,
1463 2633 1630 2734 praeledlis
1651 2632 1819 2732 intrepide
1832 2661 1885 2707 re-

539 2739 719 2821 'fistenres‚
733 2738 863 2833 quique
875 2764 938 2835 per
951 2740 1121 2812 nundinas
1134 2791 1146 2826 ,
1162 2741 1283 2825 villas,
1299 2737 1469 2834 vicosque
1480 2738 1789 2835 circumvagantes,
1816 2762 1884 2831 pu·

539 2839 655 2914 'blicac
672 2835 701 2905 se
716 2836 853 2928 justitiae
866 2835 1018 2911 vindices
1027 2837 1088 2909 effe
1099 2839 1280 2926 instabant.
1318 2837 1483 2937 Specioso
1500 2836 1568 2909 hoc
1584 2854 1754 2931 praetextu
1770 2836 1801 2905 hc
1817 2834 1883 2906 ser-

544 2965 618 3014 vos
633 2934 675 3009 ad
690 2937 819 3033 pileum
834 2935 1032 3021 vocabant,
1050 2936 1272 3035 &opprelsos
1295 2964 1363 3011 aere
1379 2937 1492 3009 alieno
1513 2937 1531 3005 ai
1553 2931 1782 3009 creditoribus
1798 2933 1887 3005 libe-
1990 2969 1994 2982 ·

545 3037 692 3117 rabant;
717 3035 987 3108 minacesliteras
998 3035 1038 3107 ad
1050 3062 1110 3107 eos
1126 3037 1324 3129 scribentes,
1341 3034 1631 3137 quibusmortem
1651 3031 1886 3122 intentabant,

545 3140 589 3215 ni
602 3137 719 3209 deletis
736 3136 970 3234 chirographis
990 3135 1104 3208 debita
1119 3159 1365 3236 expungerent.

652 3239 713 3309 ΠΙ.
742 3234 984 3309 Hincturbata
994 3236 1257 3336 propemodum
1274 3236 1508 3311 omnia.Nulli
1522 3230 1875 3333 enimpoliieffionum
1897 3263 1957 3324 111,
1968 3258 2075 3323 am,

540 3338 690 3414 ¹suarum
702 3336 822 3408 securo
838 3333 1027 3409 etselicuit:
1044 3335 1247 3410 debitorum
1264 3338 1490 3437 chirographa
1505 3336 1687 3410 amiserant
1698 3336 1877 3407 virestnul-
1895 3345 2049 3402 seminum

543 3443 602 3514 lus
612 3436 759 3511 creditor
775 3435 931 3535 exigendi
950 3437 1070 3510 habuit
1081 3437 1297 3511 libertatem:
1325 3437 1541 3510 terrebantur
1564 3461 1688 3508 omnes
1709 3433 1874 3533 ptolano-
1891 3421 2037 3503 suilla*

545 3564 632 3614 rum
647 3537 834 3610 homiuum
848 3537 969 3621 literis,
984 3539 1043 3634 qui
1059 3538 1091 3610 se
1106 3537 1299 3611 sanctorum
1314 3537 1417 3610 duces
1432 3533 1494 3609 elle
1504 3538 1612 3636 impie
1623 3535 1873 3634 gloriabantur.
1896 3503 1986 3566 ω’

542 3637 637 3717 Eam
653 3638 782 3737 quippe
797 3634 858 3708 libi
868 3639 1137 3711 conciliaverant
1149 3640 1406 3723 austeritatem,
1429 3637 1489 3724 ut,
1502 3634 1527 3710 ss
1540 3637 1576 3708 in
1592 3636 1735 3709 illorum
1753 3634 1878 3729 jussio·

541 3739 651 3816 nibus
660 3736 882 3835 exsequendis
896 3735 951 3809 vel
969 3739 1338 3813 tantillumtraheretus
1353 3763 1485 3823 morae,
1508 3763 1596 3809 mox
1611 3734 1880 3809 insaoaadvola·

541 3860 601 3916 ret
617 3836 827 3924 multitude,
844 3863 961 3911 rerum
976 3837 1284 3912 dominosmortis
1305 3861 1401 3914 metu
1430 3837 1472 3911 ad
1490 3837 1656 3936 obsequia
1676 3888 1691 3923 ,
1715 3834 1881 3907 humiles-

543 3967 619 4040 que
633 3941 666 4014 &
679 3938 835 4038 indignas
851 3939 933 4012 viris
949 3964 1066 4036 preces
1085 3941 1311 4038 compellens.
1364 3944 1409 4013 At
1432 3963 1544 4037 neque
1567 3939 1689 4010 itinera
1710 3936 1785 4009 satis
1803 3954 1878 4009 tuta

541 4059 655 4116 erant
708 4040 889 4114 Dominos
901 4041 1067 4114 vehiculis
1082 4040 1144 4115 suis
1160 4039 1340 4127 excull'os,
1360 4061 1442 4115 anre
1461 4037 1634 4135 mancipia
1658 4097 1671 4128 ,
1698 4037 1881 4111 Domino-

540 4168 630 4218 rum
642 4141 729 4214 locis
742 4136 978 4228 confidentia,
999 4167 1133 4216 currere
1150 4162 1356 4242 coegerunt.
1405 4143 1461 4215 ῶς
1476 4163 1604 4214 eorum
1628 4138 1773 4213 arbitrio
1787 4160 1880 4222 con,-
1901 4225 1905 4232 Ι

540 4241 698 4318 ditiones
724 4239 959 4315 mutabantur.
1526 4281 1531 4293 ι

557 4335 562 4344 ’
648 4339 712 4415 IV.
739 4340 858 4413 Primo
875 4341 956 4414 solis
971 4341 1190 4416 armabantur
1207 4339 1377 4428 firdibus,
1393 4367 1478 4439 quas
1492 4339 1620 4414 baculos
1636 4335 1764 4429 lsrai'lis
1779 4333 1872 4409 dice·
1892 4349 1947 4412 tv.
1961 4345 2067 4418 Sudsss.

539 4439 642 4522 bant.
653 4441 735 4534 His,
759 4438 1093 4536 ubisaeuirelubuit,
1113 4447 1161 4519 ita
1169 4441 1406 4544 percutiemus
1424 4442 1557 4519 obvios
1569 4462 1611 4517 ut
1618 4444 1709 4517 lenta
1725 4434 1879 4616 conheddh
1891 4428 2067 4581 mna,
