4909 5425
916 497 1322 573 tra-Parnasum
1353 488 1517 564 Mosra.
1590 471 1594 483 ’
1858 514 1895 601 39

514 633 640 704 „tanta
663 613 761 698 luisse
781 610 985 715 stupiditate
1011 624 1120 712 atque
1138 610 1324 701 socordia,
1350 623 1521 712 quantam
1546 612 1584 690 in
1612 636 1658 693 eo
1691 611 1892 716 deprehen·

541 723 627 801 dere
651 720 716 797 srbi
737 716 879 792 videtur
903 708 1089 792 Clericus?

590 818 710 898 XlV.
737 814 825 893 Non
848 812 927 888 sane
949 812 997 885 ita
1023 809 1068 884 de
1091 831 1137 885 eo
1164 810 1351 888 arbitratus
1384 811 1433 887 est
1461 811 1660 914 Stephanus
1685 814 1889 893 Protomar·
1907 825 2063 894 xlv-Aa·

541 930 628 1019 tyr:
656 918 718 1019 qui
744 910 856 992 ulons
881 908 1045 1009 praeclara
1068 910 1107 982 in
1131 908 1311 1008 populum
1345 908 1571 987 lsratliticum
1595 917 1721 990 merita
1750 938 1887 990 enarra-

543 1030 665 1103 turus,
691 1016 764 1093 hoc
791 1035 874 1089 eurn
898 1011 936 1084 in
960 1009 1085 1106 primis
1118 1013 1269 1083 nornine
1293 1009 1434 1095 laudat,
1460 1011 1562 1111 quod
1591 1037 1610 1087 a
1621 1018 1694 1110 filia
1722 1014 1887 1088 Pharaonis

538 1138 595 1212 pra
628 1120 693 1214 filia
724 1120 886 1194 auaritia,
912 1107 953 1194 &r
977 1115 1061 1179 omni
1081 1116 1309 1208 AEgyptiarunr
1324 1114 1477 1202 sapientia
1500 1113 1643 1186 eruditus
1658 1118 1771 1208 suerit.
1812 1110 1886 1190 Ait
1905 1087 1944 1206 g

541 1237 585 1295 vr
596 1242 626 1294 1·
640 1241 701 1297 ar.
716 1237 776 1295 22·
827 1207 944 1304 Quod
972 1199 1134 1305 prolatio
1154 1229 1232 1280 non
1254 1205 1394 1283 dixisset
1409 1263 1420 1295 ,
1434 1207 1510 1285 ¹nisr
1532 1209 1731 1287 credidisset
1751 1211 1845 1310 AEgy

538 1317 677 1394 trorum
701 1313 862 1397 artibus,
887 1320 997 1406 prout
1020 1319 1145 1404 captus
1161 1304 1256 1381 istius
1276 1303 1383 1381 seculi
1405 1321 1505 1395 erat,
1531 1333 1699 1408 magnam
1721 1233 1889 1386 naturallh

537 1437 584 1492 ac
603 1412 721 1492 croilis
743 1405 980 1504 Philosophia
994 1417 1133 1502 partem
1152 1403 1450 1502 comprehensam
1468 1405 1576 1484 fuisse.
1626 1408 1798 1486 Notanda
1820 1411 1890 1484 irn-

539 1515 671 1614 primis
690 1505 830 1586 occasio
849 1506 917 1590 eit,
943 1526 1011 1603 qua
1040 1503 1117 1578 haec
1138 1501 1183 1576 de
1206 1501 1309 1580 Mose
1336 1505 1542 1602 praedicavit
1562 1508 1771 1608 Stephanus.
1823 1505 1891 1584 Ni·
2009 1586 2013 1593 ,

540 1612 679 1688 mirum
702 1607 849 1711 quidam
871 1626 918 1678 ex
941 1605 1131 1700 synagoga
1154 1600 1443 1688 Liburnorum,
1461 1605 1612 1705 aliique,
1627 1607 1784 1683 altercati
1805 1627 1891 1683 cum

543 1707 729 1810 Stephano
759 1704 922 1792 fuerant,
947 1703 1174 1801 stiterantque
1199 1699 1301 1776 salsos
1327 1701 1454 1789 testes,
1479 1707 1543 1805 qui
1565 1704 1771 1800 dicerentse
1793 1705 1891 1780 auda·-

538 1810 710 1989 ἔψαυε
731 1810 908 1906 loquentem
932 1801 1029 1876 verba
1052 1800 1220 1896 blasphema
1245 1808 1280 1874 in
1309 1804 1419 1896 Mosen
1442 1801 1483 1890 (β’
1506 1812 1622 1880 Deum.
1660 1803 1733 1883 Art
1751 1827 1807 1883 vr.
1834 1829 1893 1886 11.

577 1911 584 1924 '
607 1906 795 1985 calumniae
817 1900 914 1979 suam
945 1901 1105 2000 opponit
1133 1898 1387 1999 Apologiam,
1414 1924 1485 2018 qua
1513 1903 1670 2020 ostendit
1701 1904 1735 1979 se
1760 1903 1893 1980 eximia

539 1998 1058 2189 tttttltlltllttt,
1076 1997 1350 2199 histilia?
1362 1999 1894 2202 sltlzlarlttfllgt:

542 2212 672 2282 staura.
723 2200 798 2280 Vix
825 2200 947 2299 potuit
967 2122 1030 2272 ulli
1057 2198 1157 2310 genti
1178 2195 1341 2274 illustrius
1363 2198 1395 2274 sa
1423 2200 1540 2276 ientiae
1561 2203 1772 2281 encomium
1793 2200 1894 2286 dari,

544 2325 656 2406 quam
676 2302 750 2381 hoc
767 2298 932 2375 sermone
958 2296 1128 2395 Stephani
1150 2292 1274 2372 datum
1305 2296 1355 2373 est
1471 2299 1566 2398 ptiis.

595 2400 691 2482 XV.
718 2396 907 2479 Consentlt
938 2394 1079 2473 historia
1113 2394 1217 2471 Sacra
1256 2420 1272 2473 1
1295 2394 1459 2495 Reg.1v.
1483 2422 1542 2493 30.
1593 2396 1667 2476 Ubi
1720 2421 1809 2478 uum
1832 2398 1894 2474 in.
1908 2409 1976 2480 xv,
1987 2413 2041 2476 Α,

544 2499 829 2603 comparabilem
860 2495 1066 2574 Salomonis
1104 2492 1309 2592 sapientiam
1330 2494 1428 2593 justis
1462 2496 1590 2597 elogiis
1643 2423 1808 2585 ralicat,
1836 2497 1892 2573 di·
1962 2496 2071 2587 tim

544 2605 617 2692 cit,
642 2620 721 2675 eam
744 2602 892 2684 maiorem
907 2597 998 2693 saiffe
1011 2601 1164 2690 firpientia
1188 2602 1327 2668 amatura
1353 2599 1577 2682 Orientalium,
1606 2521 1646 2686 ἕ
1672 2622 1796 2676 oraru
1825 2621 1892 2674 sa.
1921 2582 2067 2729 “maj

543 2719 746 2780 arnum
781 2702 1134 2778 AEorarronurr.
1196 2693 1291 2788 Quae
1324 2693 1388 2772 nisr
1422 2692 1569 2797 insignis
1604 2696 1804 2775 admodum
1845 2667 2047 2805 eossmpp,

544 2810 713 2897 tempore
732 2793 852 2875 habita
874 2788 1007 2883 suislet,
1032 2791 1178 2869 absurda
1194 2815 1234 2867 ea
1255 2795 1528 2894 comparatione
1551 2797 1757 2874 Salomonis
1779 2792 1892 2871 laudi·
1907 2824 1975 2869 ram
1989 2818 2078 2894 aaa·

544 2896 616 2975 buo
635 2895 805 2972 detritum
826 2890 929 2970 soret
981 2892 1162 2991 Praecipue
1183 2905 1304 2968 autem
1317 2891 1492 2971 excellere
1506 2894 1892 2993 credebanturAEgyp-
1909 2895 1963 2978 aa,
1978 2896 2078 2957 ΜΨ

547 2996 591 3074 tii
607 2999 759 3093 sapientia
792 2993 950 3067 Naturali
983 2990 1021 3066 &
1051 2992 1160 3066 Civili.
1213 2989 1329 3088 Quod
1363 2994 1540 3067 naturalem
1565 2996 1720 3085 attinet,
1744 2992 1893 3071 Macro·
1903 2960 2047 3121 was*

544 3096 630 3174 blus
653 3101 699 3168 AE
715 3099 818 3194 ,pria
850 3099 990 3165 ananiam
1020 3090 1210 3186 Philosophia
1235 3091 1468 3184 dascipliaaraaa
1497 3113 1640 3187 parentes
1667 3105 1793 3185 vocat,
1817 3117 1893 3193 quar

537 3120 722 3294 secatusst
741 3196 853 3269 Plana:
876 3189 1170 3292 AEgyptumque‚
1196 3198 1341 3265 Matrem
1364 3201 1493 3268 artium.
1546 3193 1641 3271 Alibi
1665 3201 1894 3294 AEgypra‘araar
1909 3192 2047 3294 lausanna

545 3316 631 3374 retra
655 3296 784 3386 majores
803 3299 918 3386 primas
943 3299 1084 3366 earnium
1114 3294 1219 3364 colam
1236 3290 1377 3380 scrutari
1405 3290 1444 3378 ὠ
1474 3300 1582 3367 metiri
1605 3294 1692 3386 ansas
1710 3294 1804 3391 piriffl·
1837 3303 1890 3369 te·
1908 3278 1980 3414 Scap.
1994 3270 2060 3336 ω·

547 3395 679 3481 statur,
703 3391 872 3466 invitatos
895 3388 970 3467 loci
993 3390 1258 3488 oportunitate,
1285 3412 1399 3489 quum
1418 3412 1570 3486 perpetua
1588 3394 1674 3487 apud
1691 3395 1892 3487 sesereaa‘ra·
1907 3366 2066 3499 1¹5&-

548 3497 590 3570 aia
612 3493 750 3592 obsequia
775 3491 883 3564 aaran
894 3491 925 3584 s
979 3516 1013 3564 er
1044 3490 1162 3583 asperia
1183 3487 1280 3563 libera
1304 3497 1422 3565 intueri
1441 3494 1581 3568 dareta.
1637 3495 1749 3568 Ciuili
1771 3504 1892 3568 autem
1908 3527 1967 3573 aar.
1980 3503 2075 3569 Lata.

549 3591 727 3691 sapientiae
755 3510 1046 3703 ramamolllrcat
1071 3611 1111 3664 ea
1138 3584 1211 3665 Dei
1240 3588 1335 3686 apud
1359 3587 1506 3687 jesaiam
1531 3594 1796 3681 comminatio,
1821 3612 1891 3689 qua
1909 3594 1976 3664 cap.
1991 3591 2053 3645 XV·

549 3711 705 3770 omnem
726 3685 794 3763 sese
830 3685 1035 3787 saprentiam
1065 3688 1165 3763 istam
1196 3685 1241 3762 ad
1274 3686 1442 3765 insaniam
1475 3691 1699 3769 redailurum
1730 3711 1891 3791 pronun·
1907 3671 2075 3808 {mm

548 3793 631 3870 ciat
666 3784 732 3888 Jel'.
755 3807 841 3864 xm
869 3811 923 3864 11.
975 3796 1140 3863 Enimvero
1167 3789 1263 3881 stata·
1283 3793 1362 3880 siant
1389 3798 1543 3883 Principes
1571 3759 2058 3898 raalaatsafirpiea-c,{jxx1‚

548 3911 621 3970 auara
644 3888 685 3977 ῤ’
709 3887 951 3979 confiliarioaraaa
974 3887 1141 3961 Pharaonis
1168 3888 1326 3979 confilium
1350 3888 1559 3983 obbrutescer:
1586 3891 1745 3986 Qomado
1768 3892 1893 3963 ditiatis

548 3992 730 4073 Pharaoni,
767 3990 859 4062 rista
881 3991 1058 4079 sapientum
1079 3989 1187 4083 jaan?
1225 3983 1315 4063 Haec
1353 4000 1472 4064 tamen
1510 3995 1636 4067 omnia
1669 4011 1745 4064 non
1777 3991 1893 4083 irnpe-

550 4090 678 4173 diunt,
703 4087 904 4188 quominus
922 4085 1089 4187 sapientia
1111 4086 1169 4163 illa
1184 4085 1439 4186 AEgyptiorum
1464 4092 1577 4167 multa
1602 4090 1753 4187 Magicae
1773 4085 1893 4182 super·

550 4187 704 4264 ilitionia
738 4187 943 4285 ineptaeque
979 4185 1188 4263 curiofitatis
1213 4188 1368 4263 mixtura
1394 4202 1562 4290 corrupta
1586 4190 1702 4265 suerit.
1752 4184 1893 4260 Verum

551 4284 590 4363 id
618 4282 737 4360 saltem
757 4286 953 4373 evincitur,
978 4308 1057 4362 non
1077 4283 1176 4386 polle
1204 4284 1309 4360 illum
1339 4310 1407 4387 pro
1427 4291 1577 4365 homine
1599 4284 1732 4361 stolido
1752 4306 1795 4361 ac
1820 4281 1892 4360 stu·

550 4382 643 4488 pido
668 4382 824 4472 censeri,
848 4386 901 4472 uti
929 4399 1018 4464 tunc
1046 4399 1146 4462 erant
1170 4398 1356 4483 tempora,
1385 4392 1449 4491 qui
1471 4390 1516 4465 ab
1545 4392 1691 4463 ineunte
1715 4399 1816 4463 aetate
1841 4382 1893 4463 sa-

547 4484 727 4656 pientiam
747 4478 1006 4586 AEgyptiorum
1024 4484 1172 4565 maora
1193 4484 1253 4564 est
1720 4581 1826 4670 XVI·
1844 4582 1894 4663 At
