4909 5425
681 486 779 573 ἰοο
995 508 999 515 ·
1118 492 1651 571 Lautorum·
1782 444 1848 551 '-

722 639 769 696 ex
788 614 919 718 quibus
938 612 1037 691 facile
1058 614 1204 715 probari
1218 612 1352 713 potest,
1379 636 1456 690 non
1478 611 1575 690 suiffe
1596 607 1968 715 temporeJudicum

723 718 794 809 lis,
817 738 935 827 neque
960 714 1078 789 multo
1099 712 1202 812 post,
1225 724 1302 787 tarn
1329 724 1518 814 potentem
1542 709 1769 814 Affyriorum
1800 710 2038 799 Monarchin.

725 821 781 894 uti
799 812 1067 990 groianasiingit
1085 811 1239 915 historia.
1292 813 1378 910 Qua
1404 811 1449 887 de
1477 835 1515 888 re
1545 813 1627 889 alibi
1658 810 1921 888 commodior
1942 810 2039 887 exitu

727 938 796 994 cen
823 939 835 989 ι
860 935 950 989 occa
978 932 1011 988 ο.

398 1102 409 1127 .
542 1012 674 1101 mv.
775 992 967 1093 XXXV.
995 1009 1051 1089 Ad
1072 1009 1166 1089 Gen.
1185 1030 1246 1087 xr.
1269 1024 1404 1107 28.31.
1427 1022 1530 1088 notat
1554 1012 1682 1087 urbem
1712 1008 1895 1110 aiiquam
1922 1008 2039 1111 uetur

542 1118 670 1178 (ΜΠ
728 1116 847 1193 tamiae
865 1111 987 1187 vocari
1008 1132 1108 1188 nuru
1131 1132 1187 1191 un
1208 1118 1258 1185 Ur
1283 1111 1508 1185 chaldaeorum.
1560 1110 1761 1188 Abrahami
1778 1122 1923 1187 autem
1942 1122 2041 1209 tempt-

541 1202 591 1267 au
613 1208 661 1269 μ’
729 1238 768 1292 re
794 1216 841 1287 ita
865 1209 986 1285 vocari
1006 1226 1046 1282 ea
1069 1207 1171 1304 regio
1193 1231 1271 1285 non
1299 1211 1432 1309 potuit.
1485 1210 1583 1305 Quia
1614 1211 1767 1303 chasdim
1798 1207 1895 1285 sunt
1923 1232 1945 1285 a
1977 1210 2041 1303 cidi

758 1314 795 1388 ui
824 1309 890 1384 fuit
922 1305 1135 1391 Abrahami,
1163 1327 1211 1381 ex
1246 1306 1349 1383 fratre
1380 1307 1567 1395 Nemore,
1594 1329 1724 1408 nepos,
1752 1306 1866 1385 Gen.
1897 1328 2041 1387 mnu

775 1409 842 1487 ofis
869 1420 1034 1505 tempore
1060 1426 1099 1481 ea
1122 1407 1224 1504 regio
1243 1408 1443 1483 constanter
1461 1409 1657 1486 vocabatur
1679 1408 1828 1481 reddar
1853 1412 1974 1489 Aram

727 1510 890 1587 steriores
915 1504 990 1583 Scri
1018 1516 1150 1590 tores,'
1164 1506 1258 1582 circa
1289 1516 1454 1605 tempora
1490 1529 1530 1582 ca
1558 1507 1724 1592 tivitatis,
1753 1504 1947 1583 dixerunt
1975 1526 2045 1583 m

730 1607 960 1684 chaldaeorum.
986 1527 1117 1681 sszech.
1146 1628 1179 1684 ι.
1208 1630 1239 1700 3.
1276 1604 1313 1681 δι
1330 1627 1465 1705 x1.24.
1551 1603 1747 1705 espondeo.
1810 1604 1977 1683 Criticus
1991 1602 2048 1707 ᾔ,

730 1730 802 1809 qua
837 1704 886 1780 est
919 1705 1169 1802 ingenuitate,
1206 1700 1452 1781 difficultatem
1485 1728 1506 1780 a
1540 1704 1574 1780 se
1606 1717 1746 1780 motam
1784 1702 1908 1783 tollit.
1955 1704 2050 1785 fun

731 1808 831 1882 enim
854 1806 1032 1879 incertum
1053 1798 1143 1887 effe,
1171 1826 1217 1879 an
1233 1826 1369 1879 nomen
1390 1802 1641 1881 Chaldaeorum
1662 1802 1703 1878 iit
1731 1826 1751 1879 a
1781 1802 1948 1883 Chesed
1992 1804 2052 1901 Qu

565 1950 615 1975 4
731 1907 831 1981 enim
853 1924 922 2002 pro
949 1903 999 1976 rie
1020 1900 1185 1978 Chaldaea
1210 1901 1406 2002 appellatur
1427 1901 1503 1977 satis
1527 1916 1665 1979 remota
1688 1902 1739 1978 est
1773 1903 1832 1977 ab
1860 1928 1911 1981 eo
1930 1904 2053 1981 nunu

730 2025 811 2104 quo
834 2000 900 2076 suit
920 1925 985 2077 ῧῐ.
1041 2000 1113 2078 Sita
1133 2000 1183 2076 est
1207 2001 1285 2078 haec
1319 2001 1404 2075 urbs'
1428 2003 1522 2077 inter
1543 2000 1682 2101 Tigrim
1706 2001 1744 2075 ἃ
1771 2000 1950 2093 Nisibin,
1967 2000 2053 2078 iuu-

732 2102 875 2204 periore
911 2098 1181 2200 Mesopotamia
1245 2098 1453 2198 Geographi
1492 2113 1613 2176 autern
1644 2098 1875 2215 Ciraldaeam
1909 2105 1947 2179 in
1968 2100 2089 2203 nun·

735 2196 1168 2396 auauuruu
1193 2196 1638 2412 truduntur
1658 2198 1912 2400 tutu
1939 2212 2056 2381 au

737 2397 800 2474 bat
821 2407 941 2472 autem
960 2394 1075 2497 Jobus
1109 2399 1147 2470 in
1169 2417 1319 2493 regione
1341 2394 1421 2482 Uz,
1449 2420 1486 2471 rn
1511 2398 1639 2475 Arabia
1664 2396 1843 2497 petrosa,
1902 2422 1992 2502 rope
2014 2392 2053 2475 F»

764 2494 923 2587 hratem;
950 2488 1158 2594 quodcum
1178 2493 1246 2569 iiio
1271 2492 1447 2572 Chaldaeae
1465 2494 1531 2571 srtu
1554 2494 1694 2594 prorsus
1712 2497 1763 2572 est
1787 2424 2050 2577 conferma

776 2616 828 2671 aec
848 2591 875 2669 fi
897 2614 979 2668 vera
1001 2590 1103 2678 sunt,
1129 2615 1175 2667 ne
1195 2592 1329 2691 species
1350 2592 1498 2691 quidem
1521 2589 1735 2671 difficultatis
1758 2595 1944 2697 superest
1992 2588 2049 2691 Qi

705 2759 708 2763 ’
737 2691 1318 2870 inauratura
1339 2703 1550 2868 utut
1576 2691 1640 2770 ¹¹³⁶
1679 2717 1768 2870 tu
1784 2694 2049 2874 ῗφωῶἕῖ

803 2850 811 2867 .
1497 2817 1506 2867 ι
1743 2850 1754 2881 ,

735 2911 852 2985 parum
870 2917 928 2962 exa
956 2917 987 2964 or
1010 2893 1063 2990 effe
1082 2899 1117 2965 in
1138 2813 1319 2971 nomgzuus.
1406 2814 1418 2888 J
1470 2816 1495 2891 g
1557 2815 1620 2871 acc
1812 2818 1971 2894 mm

551 3011 702 3082 mur,
788 2986 1006 3068 XXXVi.
1033 2988 1180 3067 Deinde
1203 2991 1307 3073 citat,
1336 2988 1427 3065 Gen.
1448 3013 1534 3073 κη.
1561 3019 1592 3091 3.
1644 3002 1723 3071 Erat
1747 2997 2052 3077 &nanneni

555 3100 628 3160 Gra.
643 3103 712 3158 m·
738 3098 857 3189 regione
874 3090 938 3164 ua.
988 3086 1033 3166 Et
1055 3087 1146 3166 Gen.
1160 3110 1270 3167 x111.
1284 3097 1328 3183 7.'
1347 3101 1511 3168 Cauunaerrr
1533 3116 1632 3197 atque·
1648 3104 1825 3175 rerem
1849 3119 1943 3176 tunc
1970 3095 2053 3174 W

556 3191 585 3251 ³·
739 3190 797 3265 bar
821 3196 962 3264 interra
986 3191 1048 3263 illa.
1099 3185 1208 3262 Unde
1233 3186 1462 3290 consequitur
1483 3215 1560 3269 non
1584 3191 1750 3271 habitaffe
1777 3197 1861 3283 ibi,
1891 3221 1975 3300 quo
2000 3209 2055 3272 tm

738 3309 832 3388 pore
851 3286 976 3388 scripta
1001 3286 1053 3362 est
1080 3285 1156 3360 haec
1181 3284 1335 3364 historia.
1386 3287 1605 3368 Habitabant
1637 3305 1759 3370 autern
1790 3295 1842 3370 ibi
1879 3319 1996 3398 quam
2020 3289 2057 3366 fl

642 3479 650 3490 Ι
739 3388 831 3464 uixit
865 3386 1017 3479 Moies3
1055 3405 1145 3482 ergo
1175 3386 1204 3458 is
1234 3382 1603 3480 hujuslibriautior
1634 3393 1798 3470 nonest.
1854 3389 2059 3499 Responth

737 3484 828 3564 Non
856 3486 889 3562 se
915 3488 1012 3561 uitur
1045 3481 1242 3560 Cananaeos
1273 3487 1345 3582 jam
1383 3485 1523 3564 sedibus
1549 3491 1618 3565 suis
1647 3491 1765 3592 pulsos
1788 3493 1912 3574 niue
1947 3487 2061 3600 quud

736 3585 816 3700 haec
831 3511 1214 3700 icrssrebatur-historia
1238 3606 1248 3659 τ
1275 3608 1395 3700 neque
1417 3608 1463 3662 eo
1483 3587 1554 3665 fine
1575 3589 1734 3687 ipsorum
1753 3594 1793 3668 in
1817 3594 1891 3672 ista
1918 3609 2011 3674 terra
2024 3589 2063 3668 b

738 3684 867 3759 bitatro
888 3684 939 3757 ibr
961 3692 1131 3757 narratur.
1181 3680 1252 3759 Sed
1275 3685 1390 3759 volurt
1412 3682 1544 3763 docere
1568 3688 1712 3778 Moses,
1735 3691 1963 3772 Abmhamo
1986 3693 2063 3770 eti!

737 3805 824 3859 eum
865 3782 1049 3860 Cananaeis
1076 3779 1173 3859 fuiffe
1203 3785 1416 3879 negotium3
1443 3784 1573 3887 eosque
1599 3791 1672 3886 jam
1706 3803 1785 3866 tum
1812 3804 1961 3872 terram
1994 3789 2065 3868 uin

740 3876 966 3965 inhabitalia,
992 3903 1015 3955 e
1044 3903 1115 3982 qua
1146 3905 1214 3995 per
1236 3879 1273 3953 &
1297 3887 1455 3984 propter
1476 3885 1669 3964 Abrahami
1698 3903 1856 3990 nepotes
1895 3885 2067 3996 aliquan

738 3978 897 4080 pellendi
916 3991 1024 4056 erant
1071 3977 1242 4080 Facrtque
1260 3979 1348 4056 illud
1373 3982 1418 4058 ad
1441 3984 1698 4063 ostendendam
1723 3990 1834 4066 iidem
1871 3987 2066 4072 Annum,

739 4079 804 4179 qui
824 4078 946 4157 Deum
970 4077 1103 4155 ducem
1125 4077 1264 4154 secutus
1290 4079 1326 4153 in
1350 4081 1409 4157 ilia
1431 4095 1523 4161 terra
1545 4090 1759 4185 peregrinari
1782 4089 1895 4167 ausus
1916 4093 2069 4190 inim

739 4178 928 4268 evalidis,
953 4180 991 4254 ἂ
1011 4176 1142 4254 infestis
1169 4175 1237 4251 fibi·
1262 4182 1449 4276 gentibus,
1477 4199 1651 4285 occupata
1680 4201 1753 4262 erat
1801 4187 1905 4272 Gen.
1925 4203 2070 4284 xrrn'r

740 4278 834 4354 ratio
863 4279 1025 4356 redditur
1055 4298 1119 4351 cur
1147 4274 1274 4352 nauus
1310 4278 1367 4354 ille
1394 4303 1472 4357 non
1501 4297 1644 4382 caperet
1675 4287 1876 4366 Abrahami
1906 4289 2074 4390 Infit!

742 4381 950 4474 pecuarios,
976 4374 1209 4476 laudaturque
1245 4377 1434 4492 nbrahami
1471 4382 1681 4480 prudentia,
1710 4389 1773 4486 qui
1805 4411 1909 4468 mox
1934 4409 2074 4492 comp

743 4473 881 4555 neudas
903 4474 970 4558 effe
992 4476 1074 4556 lites
1096 4487 1295 4556 autumant
1318 4489 1411 4556 mter
1433 4477 1517 4558 fiaes
1537 4479 1720 4587 Lothique
1740 4487 1935 4590 pastores,
1965 4491 2018 4568 ob
2039 4487 2076 4562 ri

732 4629 735 4636 -
759 4595 773 4622 ⁸
2005 4587 2076 4668 mi·
