4909 5425
707 519 773 595 An
802 488 1131 588 var-temtum
1161 526 1384 584 etcurms
1416 525 1690 586 naturalia
1711 528 1796 588 arr.
1885 541 1926 605 47

570 641 691 720 littura
706 662 722 727 ,·
744 652 852 742 atque
873 660 915 714 ea
929 640 1008 739 'prae
1025 637 1159 713 caeteris
1183 657 1263 736 quae
1279 633 1343 710 fibi
1362 647 1531 712 eventura
1552 636 1649 727 lunt,
1667 639 1922 742 cognoscendi,

571 741 742 818 humane
762 739 875 814 menti
897 761 962 837 per
980 748 1142 813 naturam
1166 733 1278 810 indita
1299 733 1359 819 fit,
1387 757 1432 809 an
1450 758 1536 810 vero
1563 761 1608 812 ex
1633 742 1755 817 vitiosa
1775 741 1922 820 curiosa·

520 840 523 855 '
572 839 706 916 tate&
728 843 885 934 πιςιιῃίφ
906 835 1085 936 nascatur3
1114 855 1194 934 quaa
1225 832 1421 931 castiganda
1450 833 1491 908 fit
1516 857 1616 935 aequa
1642 842 1752 915 animi
1773 839 1918 918 submil-

521 938 526 989 Ι
574 936 674 1014 lione
698 936 759 1013 sub
784 939 999 1024 caramancio
1030 931 1111 1009 Dei.
1164 930 1221 1008 Ne
1244 932 1370 1006 utilem
1396 932 1546 1032 quidem
1574 937 1681 1013 nobis
1704 937 1916 1018 hominibus

520 1042 525 1089 ¹
575 1033 644 1113 elle
666 1036 864 1112 futurarum
886 1057 1008 1110 rerum
1027 1030 1226 1116 scientiam,
1252 1030 1454 1129 eleganter,
1481 1046 1523 1108 ut
1537 1033 1651 1122 solet,
1678 1037 1833 1138 disputat
1856 1048 1914 1117 ci·

520 1150 522 1159 “
574 1162 664 1227 cero,
687 1136 755 1213 Lib.
771 1161 827 1215 11.
849 1136 889 1210 de
904 1141 1053 1208 Divinae.
1074 1130 1217 1208 Scilicet

916 1231 1055 1307 Prudens
1074 1231 1188 1326 futuri
1211 1231 1351 1323 temporis
1370 1237 1491 1303 exitum

918 1332 1089 1428 Caliginofia
1110 1331 1193 1402 artie
1215 1338 1330 1422 premit
1355 1338 1452 1405 Deus.

567 1431 762 1513 Malorum
784 1453 803 1505 a
824 1428 910 1507 Deo
930 1431 1159 1505 decretorum
1183 1424 1369 1527 praesensro
1400 1429 1572 1507 accelerat
1601 1431 1774 1527 dolores;
1801 1433 1838 1508 ἃ
1860 1431 1916 1508 lu·

570 1543 655 1607 tura
679 1528 775 1606 mala
793 1531 898 1604 vertit
914 1530 957 1603 in·
974 1526 1157 1627 praesentes
1176 1526 1338 1602 miserias.
1391 1525 1473 1603 lmo
1500 1553 1586 1606 vero
1608 1530 1700 1606 mala
1724 1531 1811 1632 saepe
1832 1531 1914 1630 plus

574 1631 740 1707 cruciant
760 1641 860 1703 metu
876 1640 1069 1727 antequam
1093 1625 1280 1716 accidant,
1306 1648 1415 1725 quam
1441 1626 1537 1703 sensu
1561 1629 1750 1729 postquam
1775 1629 1916 1707 accide-

572 1742 668 1805 runt
721 1726 888 1805 Solemus
907 1727 1005 1801 enim
1054 1725 1218 1800 atientius
1238 1722 1327 1802 ferre
1351 1749 1407 1801 res
1425 1724 1604 1814 advertas,
1631 1751 1741 1828 quam
1763 1729 1914 1804 dubias:

570 1825 821 1925 malumusque
841 1823 948 1900 lemel
970 1847 1010 1900 ca
1037 1847 1119 1910 ere,
1146 1847 1256 1924 quam
1277 1824 1340 1900 diu
1363 1823 1528 1924 pendere.
1584 1835 1699 1901 Unicus·
1719 1855 1758 1901 ue
1773 1829 1913 1924 dieisref·

556 1933 637 2028 ficit
653 1927 714 2019 fiee
738 1927 873 2019 misnia.
898 1921 1103 2001 Matth.v1.
1127 1948 1185 2022 34.
1236 1922 1306 2000 Sed
1338 1922 1466 1998 demus
1488 1929 1648 2000 innatam
1679 1949 1699 2001 e
1727 1950 1746 2001 e
1770 1927 1912 2003 homini

569 2025 809 2125 cupiditatem
835 2021 1079 2123 cognoscendi
1105 2043 1185 2123 quae
1208 2020 1273 2098 fibi
1299 2022 1415 2098 futura
1434 2021 1537 2116 sunt3
1563 2046 1641 2099 non
1668 2025 1799 2101 exinde
1821 2048 1912 2102 con.

569 2122 742 2224 sequitur,
758 2122 810 2198 illi
827 2122 1015 2223 cupiditati
1034 2144 1097 2220 per
1117 2132 1281 2197 naturam
1299 2120 1453 2196 latislieri
1472 2121 1580 2221 polle.
1632 2123 1799 2200 lnnatum
1817 2146 1910 2223 quo-

571 2245 646 2322 que
665 2222 830 2300 humanae
859 2222 973 2296 menti
996 2218 1126 2314 lummi
1153 2220 1241 2294 boni
1267 2231 1479 2320 aeternaeque
1503 2221 1676 2299 felicitatis
1697 2221 1912 2300 defiderium

571 2320 646 2396 est:
672 2320 717 2399 ad
741 2345 849 2422 quam
869 2333 992 2396 tamen
1008 2340 1083 2393 non
1102 2320 1268 2394 humanis
1287 2319 1420 2395 viribus
1442 2322 1670 2420 pervenitur,
1696 2320 1755 2398 led
1776 2321 1913 2400 Divina

636 2421 691 2498 tia.
744 2420 874 2522 Neque
899 2420 1003 2496 omni
1025 2419 1155 2495 innatae
1176 2418 1363 2517 cupiditati
1385 2419 1590 2496 naturaliter
1609 2420 1763 2498 satisfieri
1786 2416 1909 2522 polle,

597 2541 646 2596 oc
669 2518 747 2620 ipso
770 2520 816 2595 de
840 2541 916 2621 quo
938 2516 1133 2618 disputatur
1160 2517 1333 2618 exemplo
1368 2517 1594 2597 manifestum
1626 2520 1675 2596 lit
1728 2520 1913 2621 Supponi·

567 2628 630 2694 tur
647 2620 819 2695 omnibus
836 2621 995 2694 innatam
1013 2614 1079 2692 elle
1101 2615 1336 2716 cupiditatem
1359 2617 1603 2718 cognoscendi
1621 2643 1701 2721 quae
1718 2619 1783 2697 srbi
1802 2642 1913 2697 even-

567 2729 649 2795 tura
668 2718 758 2799 lunt.
808 2718 889 2797 Nec
905 2729 1027 2793 tamen
1049 2737 1179 2792 omnes
1203 2738 1282 2793 eam
1306 2718 1524 2795 vaticinandi
1543 2718 1747 2798 facultatem
1767 2720 1912 2808 habere,

567 2839 643 2918 qua
660 2817 777 2895 lutura
801 2817 1039 2917 cognoscant,
1067 2837 1188 2915 neque
1216 2839 1425 2917 quenquam
1446 2816 1805 2916 praestantillrmorum
1830 2840 1913 2894 om-

569 2918 630 2991 nia
654 2916 771 2994 lutura
788 2916 853 2994 fibi
877 2914 1118 3016 praenoscere,
1144 2911 1298 2990 latentur
1326 2938 1466 2991 omnes.
1518 2913 1614 3015 Ergo
1636 2920 1674 2994 in
1699 2914 1913 3019 quibusdam

569 3012 694 3090 saltem
715 3039 756 3093 ea
775 3014 981 3117 praelciendi
1003 3013 1178 3114 cupiditas
1195 3012 1268 3090 fine
1291 3012 1434 3101 effetlu,
1462 3028 1568 3115 atque
1598 3014 1765 3093 hattenus
1791 3013 1913 3091 frustra

570 3112 622 3190 est
642 3138 653 3207 ;
675 3114 713 3190 in
734 3117 904 3193 omnibus
932 3112 1054 3189 irullra
1080 3113 1129 3189 est
1152 3111 1350 3191 secundum
1382 3136 1423 3189 ea
1444 3135 1525 3215 quae
1557 3136 1635 3190 non
1660 3111 1910 3218 allequuntur,

568 3217 801 3315 quantumvis
822 3212 954 3316 alloqui
975 3213 1151 3290 laborent.
1855 3263 1858 3267 -

1067 3409 1269 3490 CAP.
1346 3412 1425 3494 IX.

690 3605 769 3704 De
797 3577 1125 3743 oispofitione
1153 3598 1359 3754 naturali
1387 3593 1447 3703 ad
1475 3595 1801 3747 prophetiam.
1833 3747 1837 3752 Ι

565 3822 598 3905 I.
612 3824 771 3922 Dispcfitio
788 3822 941 3895 naturalis
960 3823 1006 3897 ad
1018 3826 1205 3920 prophetiam
1227 3826 1413 3925 quibusdam
1439 3826 1493 3925 effe
1519 3826 1658 3900 creditur
1677 3851 1706 3902 1.
1728 3826 1909 3917 Prostantia

618 3926 730 4000 indolis
751 3949 789 3997 ac
806 3926 921 3995 mentri.
949 3920 988 3999 ll.
1010 3949 1062 4000 11.
1081 3932 1369 4018 Tempernmentrem
1389 3927 1654 4005 melancholiam.
1690 3922 1750 4001 Ill.
1765 3933 1824 3997 Pro
1849 3950 1908 3996 crr-

613 4030 669 4122 jus
694 4021 926 4119 temperamenti
954 4022 1133 4115 diverfitate
1159 4025 1333 4118 Prophetiam
1359 4027 1558 4126 dioerfificari
1583 4023 1743 4101 contendit
1771 4025 1910 4120 Spinofir.

612 4122 680 4201 lV.
702 4152 780 4202 111.
800 4124 917 4197 Colum
940 4120 980 4208 ῥ’
991 4121 1238 4215 firnrfiderrem.
1275 4122 1320 4199 V.
1350 4147 1404 4201 tv.
1424 4127 1555 4223 Hermian
1575 4126 1687 4199 talitro
1698 4124 1906 4217 srrbterranei.

617 4220 682 4300 Vl.
701 4232 747 4296 lix
766 4230 812 4297 rei
829 4228 989 4311 veritate,
1013 4226 1185 4324 proliantia
1204 4227 1315 4299 mentri
1335 4227 1472 4300 multum
1502 4228 1590 4300 vaiet
1616 4226 1662 4298 ad
1683 4230 1907 4297 accuratiorem

619 4350 725 4398 rerum
742 4330 938 4397 Divinarum
956 4331 1184 4415 perceptionem.
1222 4322 1300 4401 Vll.
1329 4334 1406 4401 Non
1431 4347 1536 4401 tamen
1561 4325 1674 4398 idcirce
1699 4322 1842 4416 disproficit
1863 4322 1910 4398 od

590 4469 594 4476 ·
611 4424 805 4524 prophetiam
821 4426 869 4517 ejl.
894 4417 991 4504 Vlll.
1004 4430 1050 4496 Ar
1070 4449 1125 4497 nec
1144 4423 1219 4522 obest
1234 4426 1405 4522 prophetie.
1441 4424 1507 4505 IX.
1530 4425 1625 4527 Qod
1643 4424 1768 4519 Spinofit
1786 4422 1908 4501 calum·

614 4529 737 4601 muer.
775 4517 826 4603 X
851 4525 903 4601 rte
921 4521 1395 4620 rememmet'mtancioliri·
1413 4528 1460 4605 ad
1485 4524 1660 4625 perfundor
1681 4524 1906 4705 mirgpionn.

1831 4629 1907 4700 Mt'·
