4909 5425
660 513 720 595 ιιι·
1021 536 1023 541 ·
1059 504 1089 579 L
1113 514 1180 572 rr.
1211 500 1239 577 1.
1298 500 1429 577 cer.
1461 500 1602 579 xxti.

658 617 875 726 peragranda
899 612 1046 720 Judaea,
1070 616 1243 693 adventus
1263 617 1364 714 regni
1386 615 1567 692 coelorum
1594 614 1842 695 annuntiandi
1865 612 1993 705 cruffat

661 744 770 823 quam
796 719 840 796 ad
866 741 943 793 rem
966 713 1036 793 illis
1063 736 1156 816 opor
1176 712 1243 789 fuit
1265 714 1302 789 &
1324 714 1488 791 facultate
1507 715 1624 816 aliqua
1646 714 1911 814 patrandorum
1932 722 1994 793 rni-

662 819 890 908 raculorum,
915 814 952 889 ἃ
972 813 1052 890 luce
1075 814 1295 912 cognitionis
1323 836 1522 913 perquam
1551 814 1706 890 aliorum
1742 814 1992 915 discipulorum

663 917 917 995 conditionem
941 911 1282 1013 supergrederentur.
1333 914 1380 1001 rit
1398 934 1509 1085 fluam
1539 914 1668 1012 exigua
1700 912 1764 988 illa
1789 912 1900 989 fuerit
1930 936 1993 1014 pre

663 1018 824 1093 ubertate
847 1014 1031 1090 donorum
1056 1032 1136 1111 quae
1159 1012 1197 1085 in
1261 1009 1316 1085 sos
1346 1031 1399 1109 po
1427 1032 1467 1085 ea
1492 1010 1622 1086 collata
1655 1010 1758 1096 sunt,
1784 1024 1920 1089 notum
1950 1010 1991 1087 eii

663 1138 709 1192 ex
734 1113 830 1193 Euan
856 1112 939 1187 elio·
990 1108 1073 1187 Post
1097 1034 1385 1185 resunebionem
1410 1131 1457 1184 ex
1489 1113 1642 1185 mortuis
1663 1108 1856 1187 insufflavit
1875 1112 1914 1187 in
1937 1130 1989 1187 eot

662 1212 782 1314 Jeius,
885 1208 997 1293 dixit,
1032 1214 1172 1303 Accipite
1205 1215 1356 1301 spiritum
1388 1209 1552 1284 santium.
1586 1206 1668 1307 Joh.
1689 1230 1752 1283 xx.
1773 1232 1836 1289 22„
1867 1230 1987 1285 novant

662 1309 790 1427 procul
826 1306 939 1382 dubio
974 1308 1147 1479 fiunem!
1171 1328 1378 1405 novamque
1405 1305 1494 1380 lucis
1526 1307 1563 1381 de
1598 1308 1737 1381 notitiae
1772 1306 1984 1391 mensuram,

661 1409 879 1509 impertiens.
929 1405 974 1483 Se
1026 1403 1063 1479 de
1086 1403 1171 1480 hurc
1196 1425 1345 1504 quoque
1374 1403 1575 1479 coelestium
1599 1404 1783 1481 donorum
1813 1404 1985 1482 acceffioni

663 1506 796 1606 aliquid
832 1502 980 1589 defuit,
1018 1501 1119 1603 quod
1158 1500 1384 1602 sequentibus
1421 1500 1489 1577 tuit
1526 1503 1754 1603 temporibus
1786 1502 1983 1604 suppletum

662 1604 801 1683 Verum
828 1602 1017 1705 postquam
1048 1600 1107 1677 die
1138 1598 1363 1679 Pentecosten
1383 1601 1515 1676 imbuti
1535 1599 1616 1677 sunt
1647 1602 1779 1679 virtute
1814 1624 1863 1679 ex
1896 1602 1984 1693 alto,

665 1704 702 1780 ἃ
726 1702 853 1802 repleti
878 1699 1024 1779 coelitus
1049 1703 1088 1775 in
1112 1697 1204 1801 ipsos
1234 1697 1469 1774 descendente
1499 1698 1658 1813 Spiritu,
1681 1702 1719 1775 in
1742 1700 1835 1776 alios
1854 1712 1983 1801 repente

665 1802 793 1878 mutati
818 1799 898 1877 sunt
920 1800 1119 1892 homines;
1144 1796 1254 1899 iisque
1281 1796 1436 1873 instructi
1455 1796 1625 1884 dotibus,
1648 1800 1780 1899 quibus
1810 1799 1856 1875 ad
1890 1795 1983 1877 offici

665 1896 746 1999 ipsis
778 1899 1005 1986 demandati,
1029 1898 1067 1973 ἃ
1093 1899 1167 1995 jam
1193 1893 1403 2068 prestandi,
1428 1894 1648 1973 funttionem
1660 1945 1673 1983 ,
1696 1896 1841 1996 prorsus
1871 1898 1982 1975 redde·

666 2009 790 2075 rentur
820 1997 954 2074 idonei.
1009 2006 1170 2091 Ceperum
1206 2002 1280 2095 oqui
1300 1998 1398 2069 varii
1419 1995 1559 2092 tingui,
1584 2018 1671 2095 quaa
1692 2017 1882 2109 nunquam
1908 1994 1982 2071 didi-

667 2110 813 2182 cerant,
837 2101 1093 2193 praespiciens
1122 2097 1170 2169 ilie
1190 2093 1289 2169 taire
1308 2097 1348 2167 ei
1370 2093 1466 2187 efflui.
1499 2091 1572 2171 Ait
1592 2120 1698 2194 rr.4.
1727 2092 1840 2193 nique
1869 2095 1981 2195 linpir

666 2196 837 2273 omnibus
861 2194 1099 2297 praedicabant
1118 2193 1161 2266 ei
1181 2199 1333 2283 μιμιιϊι
1352 2195 1402 2264 ni
1419 2192 1493 2267 θιέ.
1544 2188 1651 2270 Tunc
1673 2191 1825 2269 exsolvit
1841 2192 1937 2293 Jeius
1951 2192 1982 2269 i·

665 2295 751 2372 dem
773 2292 957 2396 promisit,
985 2316 1061 2395 quo
1086 2292 1119 2368 ie
1139 2294 1400 2371 obstrinxerant
1426 2290 1508 2393 Job.
1525 2312 1609 2369 xrv.
1624 2306 1682 2373 26.
1717 2293 1907 2367 Advocam
1925 2294 1979 2377 tir.

663 2421 721 2468 vos
745 2396 864 2470 docebit
885 2403 988 2469 onnia
1000 2447 1012 2485 ,
1037 2391 1077 2479 &¹
1100 2399 1243 2491 suggeret
1266 2391 1351 2465 vobit
1385 2400 1486 2466 anania
1509 2418 1575 2490 qua
1606 2394 1676 2466 dixi
1700 2392 1796 2466 oobc'r.
1850 2390 1982 2470 lterum·

663 2514 739 2607 que·
760 2493 844 2592 Cap.
861 2515 944 2569 xva.
966 2516 1020 2585 13.
1049 2500 1158 2591 Qum
1178 2497 1301 2564 venerit
1327 2491 1395 2578 ille,
1421 2496 1560 2585 Spiritus
1581 2491 1630 2567 ite
1645 2494 1825 2575 'ueritum
1851 2492 1919 2567 dccx
1937 2500 1981 2567 u'e

381 2702 383 2707 '
472 2700 604 2802 111.qu
661 2590 1362 2804 mblilbmdtbobmbbssebmbbbbmbidetut
1389 2686 1659 2766 extendendum
1688 2688 1733 2766 ad
1752 2688 1880 2791 fingenii
1899 2690 1979 2786 sede.

444 2889 446 2894 Ι
472 2779 642 2940 ww
661 2785 752 2866 Frerr
773 2809 870 2863 enrrn
891 2799 1032 2887 potuit,
1058 2800 1099 2863 ut
1116 2785 1313 2903 dodrrnam
1336 2788 1451 2902 suam,
1478 2800 1602 2903 caetera
1625 2787 1836 2866 veriffimam
1856 2783 1981 2867 santii·

472 2863 515 3012 J‘*
661 2884 880 2987 fimamque,
906 2909 983 2963 non
1008 2889 1073 2964 rite
1096 2888 1332 2988 applicuerint
1347 2896 1388 2962 irs
1413 2907 1550 2987 quaein
1575 2889 1679 2965 certia
1699 2888 1911 2989 quibusdam
1928 2891 1981 2966 αἰ·

662 2987 879 3064 cumstantiis
905 2988 1141 3064 occurrebant
1165 2987 1312 3084 agenda.
1363 2985 1470 3061 Unde
1502 2984 1629 3064 Paulus
1659 2985 1768 3064 Petro
1796 2999 1831 3064 in
1854 3015 1887 3064 es
1913 2989 1982 3086 attit-

661 3097 729 3172 eie,
755 3114 787 3160 eo
804 3089 891 3188 quod
907 3089 1156 3162 condemnandus
1180 3087 1265 3182 mser,
1291 3111 1388 3186 neque
1411 3087 1489 3157 retia
1504 3087 1580 3177 pede
1606 3089 1780 3172 incederet,
1807 3109 1848 3164 ut
1869 3091 1980 3162 verini

660 3190 823 3284 evangelii
846 3187 1038 3283 congruebat.
1070 3183 1148 3262 Gal.
1168 3211 1223 3263 ιι.
1242 3209 1297 3264 ιι.
1316 3209 1368 3282 14
1422 3183 1599 3278 Quamvis
1630 3187 1668 3259 in
1700 3184 1839 3264 summa
1870 3185 1979 3264 dodd-

659 3305 741 3398 nae,
768 3284 876 3359 etiam
898 3283 999 3383 quod
1037 3282 1081 3360 ad
1104 3282 1261 3360 eundem
1285 3281 1500 3369 articulum,
1525 3281 1757 3360 exatiiffimus
1790 3283 1876 3363 esset
1903 3287 1978 3360 inter

361 3583 363 3588 Ι
470 3498 633 3568 turnu-
659 3379 1010 3596 lpbobi.c⁰b¹bebbusbe
1046 3480 1118 3558 hoc
1144 3481 1193 3557 est
1215 3478 1524 3596 discruciandam,
1548 3481 1742 3582 Apostolos
1765 3485 1849 3586 post
1874 3483 1981 3565 Pente·

472 3575 639 3662 masa
658 3575 787 3656 costale
811 3601 899 3655 mrra
962 3601 1025 3655 um
1045 3602 1121 3657 non
1148 3603 1239 3657 mox
1260 3584 1383 3658 omnia
1410 3577 1540 3656 scrvrffe
1570 3603 1651 3682 quae
1684 3583 1797 3662 trattu
1824 3585 1980 3687 temporit

359 3705 368 3768 '.
471 3659 610 3753 W'W
657 3679 696 3756 in
721 3675 896 3768 obeundp
935 3699 1084 3755 munere
1114 3678 1177 3756 suo
1216 3679 1290 3755 usui
1314 3677 1394 3778 ipfis
1423 3675 1490 3753 effe
1523 3693 1712 3778 poterant:
1737 3683 1797 3760 ied
1826 3685 1981 3785 Spiritum

472 3737 639 3893 ππ
659 3799 701 3854 ea
719 3777 762 3854 iis
789 3773 975 3861 revelaffe,
1001 3791 1112 3877 prout
1132 3781 1222 3853 ratio
1246 3789 1455 3874 temporum
1476 3776 1514 3851 ἃ
1537 3775 1699 3856 Ecclesiae
1721 3783 1903 3880 profetiut
1920 3781 1981 3858 eri·

468 3891 629 3982 nauem
657 3875 773 3976 gebat
825 3872 932 3952 Unde
955 3897 1033 3951 non
1055 3875 1117 3951 niti
1140 3876 1228 4049 post
1256 3873 1431 3950 idoneum
1461 3873 1633 3974 spatium,
1660 3879 1705 3954 de
1737 3885 1905 3979 gentium
1930 3899 1980 3954 ro·

472 3965 607 4045 m
659 3975 826 4060 catione,
851 3972 1049 4049 &rituum
1070 3973 1138 4051 Mo

613 4191 621 4205 ι
659 4097 695 4167 9.
718 4071 1045 4188 &,seq.dexv.6.·
1145 4171 1154 4187 ·
1735 4179 1744 4194 .
1984 4199 1987 4207 Ι

470 4182 635 4282 Πςνιιη.
707 4168 752 4246 V.
779 4170 925 4288 interim
954 4169 1102 4247 tirmiter
1135 4171 1361 4251 tenendum:
1402 4173 1427 4254 1.
1446 4175 1639 4275 Apostolos
1671 4188 1837 4256 veritates
1868 4197 1983 4258 ornner

470 4263 622 4422 iiiii
657 4268 1070 4446 imiesfflifiiiiii}
1099 4269 1549 4450 'iiii‘ciibiiiiffi
1570 4277 1754 4452 titt
1763 4277 1983 4454 l³⁰¹¹t¹1¹¹¹³¹i¹ii

472 4419 636 4582 wmffi
656 4389 879 4568 sueiqingebii,
904 4467 962 4545 sed
984 4491 1052 4570 per
1068 4392 1325 4549 r'evetabonem
1346 4469 1591 4551 immediatam
1612 4471 1702 4566 Dei,
1717 4399 1984 4578 qucbnbebinbur

474 4587 534 4639 m·
693 4591 704 4620 b

1926 4595 1984 4674 ΡΟ·

1154 3976 1316 4053 'aicorum
1337 3972 1535 4052 abolitione
1555 3975 1731 4084 admoniti
1755 3979 1848 4066 iunt.
1870 3977 1979 4062 Atii.
