4909 5425
650 519 712 592 su
745 513 908 591 Moses
943 514 1144 587 Aponon
1177 502 1571 587 Penrrrrucrrr.'
1718 534 1754 599 n
1858 536 1867 547 -1

407 643 532 743 ungula
559 636 699 718 Sabbata
720 636 855 734 legatur.
908 632 1011 729 Quid
1037 643 1157 708 autem
1185 632 1239 707 uti
1268 629 1466 709 Mosaicum
1493 634 1531 707 in
1554 630 1752 733 synagogis
1769 647 1903 721 tenebo„

412 742 583 842 legitur?
624 731 882 815 Pentateuchus
906 734 1071 830 integer,
1098 732 1135 804 in
1166 751 1227 805 mv
1248 731 1441 823 Parascsas,
1466 727 1537 806 sive
1562 730 1754 818 sessiones,
1770 725 1923 821 Mofisnno.

412 839 566 925 divisus,
603 849 643 913 ut
667 833 861 934 quotannis
896 830 1029 908 absolvi
1057 825 1179 929 posset.
1232 826 1410 930 Jacobum
1444 827 1570 906 Paulus
1597 831 1757 923 imitatur
1772 823 1848 898 'ms'
1859 802 1925 884 mst.

413 942 541 1021 2C0t.
560 963 639 1015 111.
661 957 785 1033 1415.
841 939 944 1032 Usque
968 932 1013 1004 ad
1036 931 1117 1004 diem
1136 929 1320 1002 hodiernum
1341 930 1517 1003 insessione
1540 938 1652 1003 veteris
1675 934 1757 1024 passi
1770 894 1885 961 ΨΜ

411 1057 522 1116 maner
544 1064 607 1111 non
631 1034 780 1109 renisum
807 1032 949 1105 velamen
972 1031 1058 1103 isud.
1111 1029 1173 1102 Sed
1193 1029 1238 1099 ad
1258 1029 1341 1103 bunc
1361 1032 1454 1125 usque
1473 1028 1554 1101 diem
1576 1053 1675 1200 putem
1695 1058 1757 1111 ur.

412 1158 533 1214 orror
558 1143 709 1218 Moses,
734 1130 875 1204 velamen
905 1129 990 1203 cordi
1011 1155 1116 1202 eorum
1135 1132 1308 1220 impofitum
1337 1131 1384 1220 efl.
1436 1125 1507 1202 Ubi
1537 1150 1655 1225 paam
1684 1129 1754 1214 est,

412 1235 529 1309 libros
550 1231 678 1306 veteris
699 1227 788 1330 passi
818 1226 998 1305 historiam
1021 1231 1267 1311 continentes,
1292 1228 1355 1324 qui
1382 1249 1427 1302 eo
1460 1239 1624 1326 tempore
1647 1248 1666 1302 a
1691 1224 1714 1327 J

413 1334 500 1408 daeis
527 1331 562 1406 le
589 1329 760 1412 ebantur,
785 1327 884 1420 Mofir
904 1327 1053 1401 nomine
1076 1323 1226 1401 inscribi.
1770 1334 1776 1338 '

463 1354 612 1508 XXss.
639 1425 749 1503 Nunc
777 1448 818 1501 ea
847 1447 926 1524 quae
950 1423 1041 1499 dieta
1066 1423 1146 1499 sunt
1170 1424 1393 1524 colligamus.
1445 1424 1678 1504 Probavimus
1707 1445 1754 1500 ex
1772 1431 1940 1532 xxiiim·
2073 1434 2082 1453 “

413 1528 642 1607 evidentibus
664 1525 853 1623 Scriptura
886 1523 998 1599 Sacrae
1029 1523 1238 1598 testimoniis
1271 1525 1348 1600 naec
1379 1523 1567 1626 sequentia.
1620 1523 1644 1600 Ι.
1667 1523 1755 1602 Μο-
1773 1516 1939 1589 capitulam

1591 1622 1653 1700 ulo
1684 1621 1757 1700 Dei
1771 1591 1924 1667 mm
2067 1660 2070 1667 ·

416 1725 702 1804 celeberrimum.
731 1748 734 1753 ·
755 1719 796 1798 ΙΙ.
816 1718 909 1798 Eum
933 1716 1168 1820 conscripfiffe
1190 1719 1328 1820 Leges,
1357 1744 1436 1822 quae
1466 1744 1514 1821 po
1542 1648 1604 1798 uso
1628 1671 1917 1826 lsraetisssissfm'

414 1829 494 1903 tico
520 1844 647 1898 norma
672 1820 857 1919 religionis
885 1817 1073 1919 omnisque
1100 1820 1238 1895 virtutis
1262 1819 1368 1897 suere.
1421 1819 1481 1904 lit.
1537 1843 1587 1896 on
1611 1845 1668 1897 eas
1698 1823 1755 1898 so«

411 1925 495 2002 sum
516 1943 596 2023 quae
619 1921 794 2018 capitibus
845 1915 1030 1992 uibusdam
1050 1917 1331 1995 Deuteronomii
1354 1921 1609 2007 continentur,
1637 1920 1693 1995 sed
1716 1919 1754 1996 sc

413 2043 501 2126 quae
514 2023 554 2096 in
568 2019 664 2096 libris
681 2016 811 2106 Exodi,
819 1942 1091 2102 leviticorum,
1104 2017 1140 2091 δι
1153 2017 1398 2096 Numerorum
1414 2019 1557 2096 exstant.
1609 2017 1671 2096 tv.
1687 2017 1754 2100 Eas

414 2138 554 2198 omnes
567 2115 834 2233 comprehensas
848 2112 915 2191 esse
929 2136 1004 2190 uno
1018 2115 1218 2204 volumine,
1233 2115 1405 2193 servando
1422 2117 1466 2195 ad
1483 2117 1573 2194 latus
1585 2138 1672 2193 arcae
1685 2117 1756 2195 soe·

415 2218 529 2295 deris
543 2211 759 2316 vucnpfiffe
772 2216 880 2291 etiam
895 2212 1247 2314 Prophetias,quibus
1260 2199 1329 2292 sata
1346 2240 1395 2317 po
1423 2216 1473 2294 uli
1483 2214 1656 2293 lsraesitici
1667 2236 1757 2316 prae·

418 2315 644 2395 nunciantur.
680 2311 740 2393 Vl.
755 2310 800 2391 Et
818 2311 989 2390 Historias
1003 2335 1120 2389 rerum
1134 2311 1308 2410 gestarum
1328 2317 1365 2389 in
1406 2316 1527 2402 esert0,
1540 2314 1757 2489 aliarumpue

420 2414 498 2494 fine
510 2414 636 2516 quibus
647 2411 852 2511 Legislatio,
868 2408 1177 2488 &confoederatio
1188 2411 1281 2488 inter
1292 2410 1467 2491 Deum&
1487 2411 1690 2515 populuml
1704 2435 1759 2491 ra·
1822 2475 1827 2487 .

417 1630 503 1711 sen,
526 1625 607 1705 Deo
632 1625 802 1722 jubente,
834 1621 1041 1720 scriptorem
1075 1618 1171 1697 fuisse
1200 1621 1268 1698 suae
1302 1626 1411 1698 aetatis
1447 1628 1483 1698 in
1513 1647 1562 1724 po

417 2516 591 2598 ditinum,
600 2511 750 2611 intelligi
771 2533 847 2588 non
868 2510 993 2609 potest.
1015 2507 1093 2588 vn.
1105 2508 1222 2589 Etiam
1244 2510 1444 2590 testimonia
1460 2513 1571 2590 molta
1591 2511 1637 2588 de
1654 2511 1760 2592 Chri·

414 2616 497 2692 sto:
514 2633 673 2728 quorum
686 2611 839 2713 plurima
851 2610 1082 2684 inveniuntur
1099 2611 1137 2685 in
1148 2607 1260 2687 Libro
1273 2608 1457 2694 Genesion.
1509 2609 1586 2692 Vll.
1608 2609 1759 2690 Librum

413 2710 539 2797 Exodi
559 2708 711 2789 Librum
734 2706 846 2788 Mofis
869 2732 888 2785 a
915 2707 1055 2786 Christo
1075 2712 1205 2787 vocari.
1257 2709 1321 2791 IX.
1343 2709 1424 2788 Irno
1438 2723 1558 2791 totum
1570 2724 1760 2813 pentateu-

406 2814 554 2900 chum,
582 2810 647 2910 qui
672 2810 798 2909 utique
832 2807 959 2887 Christi
989 2808 1026 2884 &
1054 2808 1312 2910 Apostosorum
1336 2812 1562 2910 temporibus
1587 2813 1625 2887 in
1650 2810 1761 2910 Syna·

416 2914 525 3014 gogis
547 2908 823 3021 prolegebatur,
839 2906 968 2986 Mosen
990 2930 1009 2983 a
1030 2906 1170 3083 penho
1186 2907 1221 2982 δι
1237 2906 1348 2984 Paulo
1370 2912 1581 3008 nuncupari.
1630 2905 1681 2985 Χ.
1700 2905 1759 2986 sd-

417 3034 493 3113 que
512 3032 589 3086 non
609 3027 693 3107 quia
716 3006 762 3082 de
781 3004 902 3092 Mose,
920 3004 977 3081 sed
995 3028 1014 3081 a
1061 3005 1136 3084 sose
1151 3006 1299 3180 sceptus
1318 3001 1367 3082 sit.
1420 3004 1508 3085 Haec
1525 3005 1551 3083 fi
1571 3030 1647 3083 non
1670 3025 1759 3107 pro·

415 3112 510 3189 bent
533 3106 765 3222 Pentateuchi
790 3104 1000 3203 scriptorem
1029 3103 1158 3219 Mosen
1184 3129 1203 3180 e
1232 3128 1267 3192 e,
1296 3127 1379 3223 qua·
1397 3105 1534 3183 ratione
1554 3105 1648 3181 libro
1669 3105 1758 3221 anti3

413 3200 1380 3400 qussmcglocrlrlszselsretigffilseodrsrnmuffnr&Mssrnfflrssffiranrs
1400 3203 1759 3380 rssalffgrdyisqusgestzss

416 3333 464 3484 ἒξ
510 3416 654 3520 menta,
678 3424 754 3479 non
774 3402 891 3478 dicam
920 3400 1115 3485 validiora,
1144 3398 1281 3478 sedvel
1307 3401 1460 3503 speciem
1486 3329 1605 3481 fimiss
1626 3354 1758 3480 rasoris

419 3506 484 3622 ha.
513 3517 617 3588 ntra,
657 3525 725 3602 pro
756 3524 800 3577 eo
834 3496 994 3601 prosette
1024 3512 1159 3601 queant
1190 3523 1302 3602 quern
1332 3499 1396 3603 ipsi
1426 3525 1496 3604 pro
1527 3501 1760 3583 Pentateucbi

419 3602 483 3686 sm
519 3600 868 3815 Mlelsthilsriurlsrtesn
884 3721 956 3815 ,me
980 3694 1067 3775 saliit
1094 3700 1254 3787 animus,
1276 3711 1381 3777 tantae
1411 3701 1488 3780 haec
1514 3697 1592 3779 sunt
1610 3701 1756 3780 eviden·
1771 3713 1889 3783 xxm.

416 3806 502 3889 tiae,
529 3812 571 3877 ut
602 3801 664 3877 vix
682 3798 846 3875 elabendi
864 3820 952 3874 rima
981 3796 1148 3899 supersit,
1171 3797 1234 3875 nist
1265 3800 1344 3902 quis
1378 3799 1622 3878 austoritatem
1657 3803 1686 3879 A
1715 3801 1933 3895 metaque»

417 3902 597 3982 stolorum
620 3897 657 3973 δι
678 3897 805 3977 Christi
837 3899 875 3973 in
911 3898 1016 3974 rebus
1050 3920 1130 3999 quae
1160 3897 1267 3997 hujus
1302 3898 1432 3977 indolis
1460 3899 1541 3977 sunt
1569 3898 1665 4000 suspe
1699 3889 1867 3975 am‘sm·

418 4003 559 4114 habere
578 3994 774 4114 presumat,
826 3996 941 4092 Quod
967 3999 1098 4073 veritus
1119 4020 1197 4073 non
1220 3998 1270 4073 est
1293 4000 1448 4095 Jobannes
1472 4001 1604 4074 clericus
1621 4021 1654 4096 p.
1675 4011 1758 4082 126.

422 4102 527 4197 cujus
549 4095 619 4199 rpsn
644 4109 773 4172 iterum
799 4096 905 4171 verba
939 4092 1043 4170 dabo.
1096 4104 1215 4184 Dicat,
1240 4098 1376 4198 inquit,
1394 4102 1483 4198 sorta
1508 4128 1524 4174 e
1546 4100 1680 4198 aliquis,
1703 4105 1762 4194 Je-

416 4202 494 4298 [κη
517 4199 673 4294 christum
704 4195 745 4284 (ς
770 4196 921 4293 Apffosos
944 4197 1186 4272 Pentateucbum
1203 4199 1308 4291 sepita
1336 4207 1434 4275 citare
1455 4105 1517 4294 Mt
1541 4205 1662 4271 nomine
1682 4203 1761 4274 Mo.

413 4300 463 4397 fir
475 4346 488 4385 ‚
509 4311 676 4398 urumque
707 4296 923 4370 aussoritatern
948 4296 1072 4392 majori
1101 4296 1243 4390 ponderis
1268 4295 1442 4373 habendam
1466 4301 1519 4395 usse
1538 4322 1634 4396 quam
1658 4322 1762 4377 omnes

420 4402 538 4495 nostra
558 4396 754 4490 conjeuuras.
805 4391 888 4472 lnro
911 4390 985 4509 hoc
1009 4392 1058 4468 est
1083 4394 1184 4496 quod
1210 4394 1385 4483 dicimus,
1413 4394 1577 4488 Cierice3
1602 4393 1690 4496 quid
1717 4409 1760 4478 tu

419 4493 647 4603 responderi
671 4491 910 4598 Respondeo,
934 4505 1073 4596 inquit:
1101 4514 1211 4689 opp}
1242 4499 1351 4599 §rsus
1373 4504 1556 4579 camuros
1587 4507 1765 4680 ”5253
