4909 5425
1065 515 1188 590 er.
1219 516 1245 590 1.
1302 515 1437 589 Cre.
1471 512 1516 588 V.

992 764 995 769 .
1132 709 1248 790 uA
1297 709 1334 790 r.
1388 675 1458 787 u.

1098 897 1178 1002 De
1217 891 1494 1000 insomniis.

619 1123 647 1204 I.
669 1125 823 1220 insomnia
855 1120 909 1195 uei
932 1120 1109 1224 Naturalia
1128 1121 1231 1216 fient,
1266 1119 1322 1193 vel
1341 1121 1608 1214 supernaturalia.
1645 1115 1701 1196 II.
1741 1125 1787 1192 In
1826 1124 1963 1195 conu'

667 1225 873 1322 prouidentia
903 1224 968 1315 βα
1007 1222 1099 1315 cursu
1139 1221 1243 1294 multa
1286 1229 1373 1295 Deus
1409 1220 1543 1293 homiues
1581 1243 1637 1320 per
1677 1220 1845 1312 infirmaria
1885 1221 1963 1301 decet.

675 1323 732 1405 ΙΙΙ.
762 1327 856 1409 Cuiea
876 1327 922 1396 rei
943 1322 1082 1412 plurima
1097 1322 1177 1412 fient
1200 1346 1238 1394 ae
1252 1321 1321 1418 fide
1350 1320 1444 1417 digua
1466 1320 1611 1412 exempla.
1652 1315 1716 1419 IV.
1745 1326 1885 1394 Peuceri
1903 1320 1964 1412 sen·

676 1433 778 1500 nium.
813 1417 862 1501 V.
897 1419 1050 1518 Pnressni.
1092 1415 1149 1496 VI.
1183 1427 1234 1494 Ga
1257 1421 1330 1493 endi
1343 1421 1436 1513 super
1460 1443 1492 1490 eo
1511 1418 1680 1509 judium.
1738 1416 1826 1496 Vll.
1857 1426 1964 1493 Mra

671 1527 829 1620 somnium
855 1525 964 1594 Grotio
986 1539 1204 1595 memoratum.
1270 1516 1322 1595 ils
1342 1524 1469 1593 Somnia
1492 1516 1665 1592 Dieiosice.
1694 1515 1768 1596 [Χ.
1787 1518 1909 1619 Qism
1924 1544 1964 1594 ee·

680 1626 719 1699 eis
741 1626 761 1694 i
785 1622 897 1695 catert'r
919 1619 1177 1714 dignoscantur?
1200 1615 1251 1695 X.
1278 1625 1427 1704 Divina,
1452 1623 1487 1688 in
1506 1641 1618 1714 magne
1642 1624 1821 1694 uarietate.
1851 1617 1963 1697 xia

678 1719 994 1800 Nebucatneeaarem
1008 1720 1123 1813 somnii
1144 1721 1199 1813 firi
1221 1726 1332 1812 ceperit
1354 1718 1502 1791 obliuio?
1533 1712 1616 1794 Xls.
1647 1713 1754 1794 XIII.
1795 1727 1872 1794 Cur
1904 1729 1963 1797 ua

678 1817 897 1897 dormientibus
912 1818 947 1911 se
966 1819 1138 1917 patefacere
1160 1818 1327 1899 vesanit?
1361 1812 1464 1893 XIV.
1487 1814 1604 1909 Qibee
1623 1816 1753 1892 indicit?
1766 1820 1960 1917 somniasti

680 1931 759 2016 uina
778 1921 798 1993 ei
816 1917 1032 1995 naturalibus
1050 1936 1109 1993 aut
1126 1918 1297 1993 Diabotuu
1312 1917 1550 2013 secernantur?

509 2178 529 2217 n
777 2120 942 2200 AEterum
968 2132 1045 2189 non
1065 2096 1272 2212 vigilaniibus
1291 2111 1432 2199 solum,
1459 2113 1518 2190 sed
1541 2111 1577 2189 dc
1600 2135 1958 2197 uonrrrrrurrru

466 2204 502 2298 'ea
633 2128 835 2440 Cse
866 2214 912 2292 ali
940 2211 1060 2289 uando
1103 2213 1300 2312 patefacere
1336 2212 1503 2313 dignatur
1545 2212 1656 2292 Deus.
1708 2211 1807 2309 Qua
1840 2216 1891 2293 de
1921 2238 1963 2303 re.

802 2335 907 2394 more
967 2312 1194 2404 rientalium,
1219 2313 1409 2413 magnifice
1429 2313 1591 2488 sufficitur
1614 2312 1750 2406 uentae».
1784 2316 1965 2391 Themin

451 2435 593 2548 supe’rna·
801 2416 1098 2519 Job.1v.12-1·e.
1150 2410 1398 2512 Vulgatiffima
1430 2410 1466 2487 di
1509 2412 1605 2488 nnio
1628 2410 1701 2496 est,
1728 2426 1777 2489 ut
1803 2414 1967 2491 insomni

451 2548 570 2614 ruralia.
633 2518 700 2597 alia
722 2535 955 2597 urrunnun,
982 2511 1050 2587 alia
1080 2532 1401 2587 surruurrururrrr
1434 2500 1508 2588 esse'
1526 2510 1699 2589 dicantur.
1728 2584 1730 2588 .
1755 2508 1825 2591 De
1852 2513 1969 2593 iisiuu

632 2617 774 2724 prolixe
792 2632 962 2713 agamus,
986 2608 1074 2686 haut
1094 2610 1228 2707 patitur
1244 2607 1390 2686 instituti
1410 2610 1522 2687 nostri
1543 2610 1645 2687 ratio.

451 2739 619 2806 situum.
683 2717 733 2797 Is.
763 2713 847 2792 Hoc
872 2708 989 2787 solum
1017 2704 1185 2812 inquifitu
1209 2706 1246 2783 di
1300 2732 1364 2785 um
1389 2710 1462 2798 esi,
1487 2735 1532 2786 an
1562 2712 1601 2787 in
1633 2714 1838 2790 communi
1863 2710 1971 2816 pron

448 2821 611 2915 'nurim-
635 2818 765 2897 dentiae
786 2812 853 2889 suae
879 2808 981 2886 cursu
1007 2807 1110 2887 Deus
1132 2830 1196 2908 per
1216 2808 1228 2883 i
1269 2811 1392 2885 omnia
1416 2809 1585 2887 mortales
1608 2809 1793 2890 derebus
1819 2811 1890 2892 fibi
1913 2814 1970 2890 uti·

451 2899 583 2961 ‘'sm'‘
632 2920 727 2996 libus
751 2911 926 3001 edoceat,
953 2909 990 2985 &
1015 2906 1273 3011 consequenter
1295 2908 1438 2985 homini
1462 2910 1632 3011 prudenti
1665 2907 1711 2984 ad
1744 2908 1897 2991 somnia
1927 2911 1973 2990 sur

443 2967 598 3059 suaecursu
634 3011 894 3095 attendendum
923 3006 973 3087 fit
1026 3007 1177 3089 Certum
1207 3008 1333 3108 utique
1365 3009 1438 3095 est,
1474 3010 1550 3088 Scri
1617 3031 1654 3085 ra
1719 3007 1890 3090 Ratione
1945 3011 1974 3088 ἀ

452 3054 590 3195 iiffiauu
633 3114 861 3216 Experientia
882 3112 921 3186 in
944 3106 1043 3184 idem
1065 3106 1310 3184 testimonium
1336 3109 1550 3210 conspiranti
1577 3132 1642 3195 us,
1665 3063 1975 3210 inuititudini’fiu·

452 3210 601 3305 eninesun
633 3223 758 3290 reiorum
778 3210 866 3309 ineffe
887 3215 1056 3284 vanitates.
1080 3203 1176 3285 Eccl.
1202 3228 1236 3290 v.
1250 3222 1283 3284 6.
1306 3205 1342 3282 &
1364 3208 1481 3287 inutili
1508 3207 1541 3284 se
1572 3208 1699 3290 labore
1729 3206 1892 3311 fatigare
1922 3211 1974 3314 (μ’

452 3284 592 3430 {ffl'm
635 3317 863 3390 oneirocritices
883 3319 1060 3410 praccepta
1085 3305 1223 3383 docent
1246 3303 1438 3385 discuntve.
1486 3306 1575 3386 Non
1598 3319 1718 3385 tamen
1740 3309 1898 3407 prorsus
1918 3311 1973 3388 hu·

504 3385 541 3425 θ’
633 3413 723 3492 nrini
754 3430 875 3485 rerum
901 3411 1042 3483 suarum
1071 3403 1241 3505 satagenti
1269 3405 1494 3485 somniorum
1520 3406 1666 3484 suorum
1698 3405 1915 3490 observatio
1935 3407 1975 3488 es

632 3506 861 3613 negligenda.
909 3505 1006 3585 Nam
1029 3515 1267 3622 praeterquam
1289 3505 1391 3606 quod
1416 3505 1548 3583 indicia
1572 3503 1641 3583 esse
1663 3505 1818 3608 possunt
1837 3521 1917 3588 tam
1934 3508 1976 3588 b·

633 3612 742 3691 tentis
776 3609 814 3685 in
843 3606 968 3684 animo
1002 3601 1222 3690 vitiofitatrs,
1249 3627 1360 3706 quam
1390 3603 1580 3683 efficaciter
1611 3607 1800 3709 operantis
1835 3607 1976 3689 Dium

660 3710 754 3788 ratiae
772 3707 787 3810 (
806 3708 984 3808 quoniam
1005 3706 1175 3781 interiora
1196 3706 1328 3781 mentis
1357 3726 1547 3807 nunquam
1574 3705 1764 3785 insitcatiua
1789 3705 1865 3786 sese
1896 3729 1974 3812 pau·

631 3736 747 3897 dunt,
774 3829 885 3912 quam
907 3807 944 3881 in
966 3801 1108 3881 silentio
1133 3826 1175 3882 ac
1199 3803 1391 3882 solitudine
1414 3802 1537 3881 nonis.
1568 3803 1619 3884 Ps.
1645 3827 1754 3885 xvir.
1786 3815 1857 3902 3.)
1881 3809 1922 3886 in
1937 3808 1975 3886 ἢ

635 3931 784 4015 quoque
807 3901 1105 3984 tam'mirabilenr
1126 3902 1193 3980 sese
1221 3903 1359 4005 praestat
1389 3901 1525 3983 Divina
1545 3904 1795 4007 providenda,
1823 3921 1870 3986 ut
1889 3907 1978 3986 sorr·

634 4009 815 4088 niantibus
840 4007 879 4083 in
911 4017 1079 4102 mentem«
1107 4005 1230 4079 venire
1263 4003 1390 4100 saciat,
1416 4021 1497 4106 qua
1526 4004 1572 4081 ad
1603 4006 1712 4082 vitam
1736 4005 1975 4096 snimrsu,

633 4107 929 4190 Oeconomicam
951 4125 992 4182 ac
1015 4103 1241 4220 Spiritualem
1264 4107 1426 4204 apprime
1445 4103 1524 4182 sunt
1540 4103 1809 4184 conducibilia:
1825 4107 1865 4185 dt
1910 4129 1976 4196 tter,

633 4205 659 4283 sr
683 4231 770 4286 cunr
794 4217 925 4286 eventu
943 4189 1204 4302 confliguntur}
1221 4200 1355 4282 Divini
1383 4207 1423 4280 in
1450 4205 1575 4283 omnia
1599 4207 1786 4305 regiminis
1812 4204 1853 4285 lu

635 4305 761 4383 tissrma
783 4308 862 4384 sunt
884 4303 1097 4382 testimonia.
1858 4355 1861 4362 ,
1931 4355 1951 4370 ..

456 4451 512 4514 111.
528 4452 614 4527 eut-„5
684 4403 755 4514 sss.
778 4405 888 4485 Plena
913 4400 1166 4503 exemplorum
1193 4401 1314 4480 omnis
1342 4400 1484 4479 historia
1504 4404 1573 4492 est,
1599 4417 1674 4482 tam
1700 4405 1841 4507 prisca,
1869 4433 1977 4514 quam

378 4571 396 4608 ,
455 4529 600 4608 rupem.
636 4504 954 4606 recenti013quae
986 4499 1114 4582 euntia
1139 4500 1284 4579 adunco
1318 4500 1526 4603 suspendere
1554 4503 1661 4592 naso,
1685 4505 1870 4607 proticisci
1903 4535 1977 4594 non

1915 4639 1977 4720 ΡΟ·
