4909 5425
535 568 541 577 ,
851 488 920 563 Dr
959 488 1242 566 Piorurris
1285 497 1335 555 iii
1365 436 1600 561 Dircaeo.
1844 516 1900 577 in

547 604 771 947 QUae
795 616 866 691 Suo
893 614 993 687 Laoc
1016 615 1180 706 tempora
1214 605 1254 678 iii
1286 607 1397 683 varias
1425 609 1556 685 iterum
1583 607 1725 711 dispesci
1750 608 1896 712 possunt
1911 625 1934 693 L
1949 629 2071 706 Tempo-v

520 714 527 799 l

520 806 528 869 Ι
729 703 910 808 periodos.
964 701 1051 780 lin
1077 723 1254 779 nasauro.
1304 700 1347 779 li.
1372 703 1412 781 ln
1436 705 1599 785 cisiis.
1652 707 1709 787 Ill.
1731 709 1771 787 lii
1797 711 1891 792 Cir.
1910 702 2073 786 rissubbe·

730 827 906 888 ‘riviriae
927 813 1169 884 amaronici.
1219 799 1283 877 iv.
1302 797 1401 879 Pota
1434 829 1510 882 riu
1537 827 1710 885 soiiurnn
1904 785 2054 864 ΨΜ·

524 918 528 933 ·
777 902 827 981 ΙΙ.
853 901 895 983 in
917 923 1109 1014 narrato,
1136 898 1199 998 qui
1232 897 1294 1013 sub
1332 898 1418 977 Deo
1449 900 1669 1000 Reipublicae
1697 865 1891 986 Israeliticae.
1905 865 2081 1019 fffi'gsa.

520 1005 696 1103 laudor,
721 1002 914 1115 fundator,
939 998 976 1073 &
1010 996 1191 1096 legislator
1205 1048 1223 1113 .’
1247 997 1409 1112 idem&
1440 999 1699 1114 prophetarum
1757 1005 1794 1080 ui
1824 1006 1886 1083 sub
1905 1021 2071 1099 tanaceti

520 1104 658 1185 l··istlaac
683 1122 897 1183 oeconomra
919 1108 1085 1171 vixerunt
1111 1117 1279 1172 omnium
1301 1095 1403 1173 facile
1425 1120 1593 1197 princeps
1615 1099 1689 1178 suit.
1731 1028 1771 1181 is
1798 1103 1886 1183 Mo·
1902 1098 2050 1173 propbeta·

521 1200 608 1287 lus
632 1202 704 1290 est,
729 1201 833 1297 cujus
855 1196 1156 1307 praeeminentias,
1183 1190 1328 1306 abipso
1356 1192 1498 1270 summo
1526 1199 1677 1275 numine
1707 1201 1884 1289 laudatas,
1903 1193 1972 1234 ’Μ’
1981 1169 2078 1267 ΜΨ*

520 1322 536 1411 'l
541 1324 664 1403 nuper
684 1297 847 1399 exposui.
896 1292 941 1373 Et
963 1315 1063 1388 cuius
1083 1292 1266 1369 historiam
1285 1290 1310 1367 si
1335 1291 1497 1393 persequi
1517 1294 1668 1382 vellem,
1694 1324 1771 1377 non
1797 1325 1884 1401 pau.
1897 1249 2060 1405 {ima

520 1396 674 1503 latarum
698 1400 737 1474 id
769 1389 1095 1506 pagellarum,·sed
1119 1391 1275 1489 ingeritis
1300 1391 1495 1468 voluminis
1519 1391 1624 1477 soret.
1672 1399 1776 1476 Adeo
1799 1422 1885 1499 pro.
1903 1411 1946 1466 m·
1962 1409 2047 1469 aiem

576 1502 586 1519 ‘
614 1500 657 1575 iis
686 1498 818 1575 scatent
849 1492 886 1567 &
918 1501 1080 1567 nativitas
1103 1487 1230 1587 ipsius,
1253 1489 1290 1564 &
1312 1511 1367 1597 res
1395 1489 1519 1591 gestae,
1546 1493 1583 1566 δι
1608 1494 1748 1583 obitus,
1774 1497 1810 1573 &
1835 1498 1886 1574 se.
1904 1426 1992 1546 uir.

545 1618 604 1701 pu
618 1609 705 1683 tum
752 1594 921 1689 Quarum
942 1611 1063 1665 rerum
1089 1587 1304 1688 aliquantula
1328 1611 1432 1688 pars,
1458 1588 1550 1665 iamt
1570 1589 1639 1670 late
1663 1594 1793 1682 diditi,
1822 1621 1886 1697 per

532 1762 537 1775 .
546 1716 683 1873 grprigr
702 1687 1118 1863 propemodsumsatotfiips
1134 1685 1432 1865 imbidsaddnes
1444 1710 1575 1863 ‚Tuonl
1591 1692 1722 1805 vicinas
1748 1695 1886 1810 solum,

544 1803 1025 2007 massilliensi?
1050 1787 1889 1998 transilirentaaronitas

541 1988 716 2069 Veritatis
735 1984 956 2085 Evangehcae
978 1982 1133 2060 ostendit
1157 1990 1314 2069 Huetius,
1341 1997 1549 2083 argumenta
1572 1986 1793 2089 &exempla
1819 1992 1887 2081 hu,

520 2164 525 2175 ,
537 2090 601 2191 ius
621 2091 675 2165 rei
697 2110 775 2165 non
795 2081 924 2161 modio
948 2104 1067 2256 nepae
1095 2080 1292 2166 trimodo,
1316 2080 1376 2157 sed
1400 2094 1501 2167 toto,
1527 2086 1630 2182 quod
1653 2089 1778 2184 ajunt,
1802 2090 1888 2167 hor·
1991 2084 1997 2097 '
2041 2146 2045 2154 ·

539 2209 629 2280 reo,
655 2189 736 2266 orbi
755 2182 993 2265 Christianoa
1023 2177 1170 2255 menius
1222 2178 1301 2275 Qui
1332 2180 1368 2254 &
1402 2176 1548 2271 caussa,
1572 2180 1609 2263 ὃς
1634 2187 1885 2267 existimationi

521 2284 712 2379 ibrtaiiis,
739 2285 868 2362 melius
886 2272 1186 2362 consuluissent
1221 2279 1433 2355 eruditionis
1466 2278 1533 2355 hac
1555 2282 1594 2357 in
1645 2296 1719 2364 arte
1746 2284 1813 2362 suae
1849 2288 1887 2364 &

520 2389 809 2479 immemoratus
839 2381 1023 2481 aliquanto
1053 2376 1259 2477 parciorem
1282 2375 1315 2453 se
1341 2399 1511 2477 promum
1532 2306 1693 2458 cundiam
1720 2385 1886 2559 praebuis-

656 2486 698 2565 lri
721 2496 819 2560 tanta
836 2481 935 2556 enim
958 2499 1067 2577 quani
1086 2473 1248 2589 undique
1271 2474 1418 2574 collegit
1440 2478 1664 2578 antiquarum
1686 2480 1718 2558 fa
1745 2484 1885 2563 uiarum

520 2484 715 2872 ἐπεξίοι
738 2581 814 2659 fieri
835 2600 914 2655 non
942 2575 1059 2676 potest
1083 2574 1172 2675 quin
1200 2571 1247 2649 ali
1274 2597 1358 2651 uam
1392 2572 1505 2689 multa
1529 2578 1777 2669 inveniantur,
1829 2607 1884 2660 uae

594 2708 622 2762 n
645 2682 709 2762 nili
728 2692 875 2758 tenuem
892 2673 1093 2752 admodum
1117 2694 1201 2750 cuni
1274 2670 1340 2749 olis
1364 2670 1507 2750 historia
1529 2673 1797 2759 similitudinem
1845 2707 1882 2760 a·

527 2865 530 2872 ,
558 2863 562 2872 ,
615 2797 657 2872 t,
681 2781 719 2860 ds
735 2777 837 2856 valde
859 2773 987 2875 frigida
1008 2772 1201 2850 collatione
1224 2794 1309 2848 cum
1335 2795 1375 2849 ea
1398 2775 1680 2854 contenduntur.
1730 2780 1794 2858 Ista
1811 2803 1880 2860 nos

520 2875 605 2978 fio
626 2880 862 2982 relinquimus
882 2874 1024 2976 pretio,
1050 2871 1214 2948 contenti
1231 2865 1395 2948 indicasse
1421 2868 1546 2948 locum
1574 2873 1637 2950 ubi
1667 2880 1728 2977 qui
1752 2879 1880 2955 talibus

520 2981 686 3084 sapitur
706 2979 751 3058 ad
771 2976 965 3054 satietatem
986 2994 1033 3048 ex
1059 2969 1122 3046 leri
1144 2971 1287 3068 poterit
1337 2968 1416 3046 Nos
1440 2966 1604 3046 solidiora
1629 2995 1819 3052 amamus:
1846 2978 1884 3051 &

609 3086 725 3182 prima
748 3076 863 3154 solum
882 3084 989 3172 atque
1008 2994 1132 3146 ustima
1156 3069 1398 3167 apparitione,
1425 3066 1522 3147 Mos
1542 3068 1627 3147 satra
1649 3095 1689 3148 ea
1709 3096 1880 3174 excerpe·

520 3197 534 3260 .'
576 3203 650 3272 us,
674 3200 755 3281 quae
777 3174 936 3250 maxime
970 3169 1186 3246 videbuntur
1216 3167 1413 3255 notabilia,
1438 3167 1475 3244 &
1505 3166 1551 3246 ad
1579 3168 1780 3249 institutum
1811 3193 1880 3250 no·

520 3279 654 3382 *rum
675 3277 825 3379 propius
847 3269 1032 3349 accedunt

522 3375 662 3480 gni.
684 3375 803 3455 Prima
832 3370 1000 3448 omnium
1033 3389 1054 3442 a
1079 3362 1209 3464 paritio
1241 3386 1321 3467 quae
1349 3361 1446 3443 Moli
1477 3365 1662 3468 contigisse
1693 3384 1874 3460 narratur,
1892 3409 1934 3477 111

520 3535 523 3562 2
637 3471 781 3555 tExod.
800 3497 878 3551 ιιι.
929 3466 1004 3547 Ubi
1026 3388 1181 3579 idnunc
1201 3462 1317 3542 solum
1337 3463 1617 3544 animadvertere
1639 3468 1749 3558 lubet,
1764 3496 1875 3575 quein
1892 3413 2057 3564 »soffia

583 3575 662 3654 oser
688 3569 912 3655 Dodorem,
936 3566 974 3641 δι
1003 3554 1277 3665 prophetiarum
1303 3562 1443 3639 suarum
1473 3564 1674 3659 autiorem,
1698 3569 1872 3654 habuerit,
1890 3567 2018 3647 Argelia

603 3671 673 3790 suit
702 3685 876 3847 putamus
896 3678 1078 3842 gruona,
1103 3663 1167 3763 qui
1197 3663 1360 3764 apparuit
1392 3664 1426 3738 ei
1461 3666 1500 3739 in
1532 3661 1677 3745 flamma
1709 3670 1824 3770 ignis,
1853 3648 2010 3748 edm

852 3792 895 3843 ru

521 3771 1875 4069 'iliisarramillinon

524 4073 655 4172 maci,
678 4067 828 4158 &oeus
847 4021 966 4161 Jaecibi.
990 4082 1085 4136 coni
1100 4075 1135 4138 6.
1186 4060 1281 4162 Quis
1303 4058 1362 4137 ille
1388 4010 1452 4138 nili
1473 4059 1582 4139 Filius
1610 4059 1711 4140 Dei?
1749 4022 1799 4141 ‚ui
1827 4098 1876 4162 κχ

530 4171 703 4356 agnda
723 4173 861 4257 lakes·
893 4165 929 4236 ri
952 4157 1023 4234 iiio
1053 4154 1108 4232 scir
1129 4163 1205 4252 Oris.
1257 4157 1336 4256 Qui
1365 4160 1412 4236 ita
1441 4160 1600 4260 Angelus
1628 4159 1700 4238 Des
1730 4088 1779 4238 a!
1807 4186 1833 4265 p

922 3768 1061 3841 icom.
1076 3786 1111 3843 2·
1161 3763 1210 3844 At
1230 3759 1415 3861 Angelus,
1441 3768 1575 3841 caeteris
1599 3770 1771 3845 omnibus
1799 3772 1873 3849 An-

645 4270 812 4347 nomiam
837 4260 1103 4345 voluntariam,
1124 4273 1167 4338 ut
1198 4258 1302 4336 simul
1330 4255 1433 4338 Deus
1458 4255 1499 4334 sit
1525 4285 1533 4336 :
1561 4262 1607 4335 ita
1633 4264 1807 4350 nuncius,
1832 4188 1875 4342 red

527 4363 643 4478 florui
666 4365 710 4448 fit
733 4365 930 4450 Dominus.
978 4357 1078 4439 Nota
1101 4355 1182 4441 suiit
1236 4379 1289 4433 uae
1321 4357 1535 4441 Orthodoxi
1564 4358 1777 4462 Interpretes
1798 4362 1875 4543 ‘pp'

1287 4482 1307 4557 3
1753 4479 1798 4541 vt
1969 4492 1974 4498 ·
