4909 5425
778 500 844 576 Dc
879 502 1037 577 Nom·
1073 515 1197 573 tenu
1228 499 1529 574 Prornrrrn.
1759 520 1820 601 ης

466 616 697 718 paenitentia
714 619 883 720 mitigate
907 617 982 697 lint
1033 618 1074 700 ll.
1098 617 1190 698 Fieri
1211 615 1363 718 potuisse
1387 635 1426 696 ut
1446 619 1528 701 Rex
1548 645 1634 702 cum
1658 626 1817 722 Gehazi‚

473 719 680 793 etiamnum
704 717 867 819 leproso,
893 719 1123 820 loqueretur,
1149 717 1279 795 servata
1303 716 1422 794 debita
1446 720 1627 800 distantia:
1654 733 1705 804 uti
1722 732 1819 813 Naa-

472 836 564 895 man
585 814 745 916 leprosus
767 838 854 893 cnm
872 821 1050 894 comitatu
1071 816 1134 893 suo
1161 816 1207 893 ad
1238 829 1381 916 portam
1401 816 1532 898 aedium
1562 817 1670 900 Elisaei
1698 836 1818 922 venit,

465 924 517 990 :nt
540 936 631 992 cum
655 937 702 992 eo
722 915 767 992 de
785 919 969 993 curatione
992 916 1097 1016 leprae
1115 926 1243 1017 ageret.
1269 913 1393 1016 eneg.
1416 939 1447 992 v.
1471 944 1506 1010 9.
1527 922 1641 1000 ro&
1662 940 1816 1024 quatuor

463 1010 608 1115 deprosi
629 1013 679 1090 illi
708 1015 989 1091 inclamaverunt
1012 1017 1182 1111 janitores
1204 1013 1354 1093 civitatis
1387 1014 1570 1104 Samariae,
1597 1023 1817 1108 indicarunt-

463 1136 547 1218 que
572 1111 727 1190 solutam
752 1109 821 1188 elle
845 1112 1072 1189 obsidionem
1103 1112 1142 1189 ἃ
1173 1110 1306 1189 deserta
1335 1114 1441 1191 casira
1466 1115 1647 1213 Syrorum.
1681 1123 1813 1228 nReg.

464 1226 619 1301 ·v11.8.
652 1212 690 1287 sir
717 1211 857 1290 Christo
886 1211 1015 1288 decem
1048 1212 1113 1289 viri
1145 1207 1276 1311 leprosi
1309 1228 1566 1304 occurrerunt,
1590 1220 1653 1319 qui
1684 1224 1816 1321 procul

467 1312 627 1396 stantes,
653 1310 921 1411 clamaverunt,
945 1312 1023 1406 Jesu
1042 1315 1213 1410 Magiam,
1238 1313 1374 1402 miserm
1393 1318 1493 1405 nostri
1525 1314 1612 1394 Luc.
1630 1340 1738 1399 xvrr.
1757 1349 1812 1408 12.

467 1411 508 1491 N
558 1432 614 1489 ue.
627 1408 750 1486 omn‘b
763 1430 849 1486 cum
866 1407 1011 1507 leprosis
1033 1410 1280 1510 colloquium,
1303 1407 1362 1486 sed
1390 1411 1575 1490 convitlus
1594 1429 1737 1494 tantum
1757 1425 1812 1499 in-

468 1434 644 1589 oesdidus
667 1530 687 1583 a
706 1506 808 1586 Mose
832 1506 982 1583 videtur.
1035 1508 1216 1587 Caeterum
1240 1506 1297 1583 hae
1317 1509 1535 1586 conciliandi
1565 1517 1719 1593 rationes
1750 1523 1811 1601 vix

468 1608 521 1687 est
543 1619 587 1684 ut
607 1607 733 1684 animo
754 1602 969 1683 satisfaciant.
1019 1608 1115 1684 Nam
1136 1605 1296 1687 disertior
1320 1618 1428 1708 atque
1448 1609 1641 1709 expreffior
1663 1616 1712 1692 est
1737 1615 1811 1697 Eli.

466 1707 527 1786 saei
546 1707 784 1808 imprecatio,
811 1720 883 1805 qua
903 1703 1030 1783 Gehafi
1049 1729 1125 1783 non
1145 1704 1284 1792 solum,
1308 1703 1369 1781 sed
1392 1707 1429 1783 &
1454 1706 1578 1784 semini
1602 1710 1709 1810 ipsius
1729 1741 1812 1818 per.

644 1805 779 1905 lepram
801 1802 1017 1890 denunciat,
1042 1828 1152 1906 quam
1175 1819 1216 1881 ut
1243 1805 1276 1880 ei
1311 1816 1384 1881 tam
1415 1805 1531 1882 brevis
1562 1813 1681 1887 morbi
1710 1840 1811 1898 mora

468 1819 633 1983 ffl
653 1898 751 2004 posse
776 1902 946 1978 videatur.
996 1904 1126 2006 Neque
1151 1901 1339 2003 probabile
1361 1904 1431 1992 est,
1456 1927 1579 2005 regem
1610 1909 1712 2010 loqui
1744 1939 1811 1995 vo.

467 1999 571 2080 luisse
592 2024 679 2081 cnm
700 2000 852 2101 leproso.
902 1999 947 2080 Et
970 2003 1067 2080 collo
1095 2005 1197 2078 uium
1217 1998 1296 2077 satis
1322 2003 1505 2101 prolixum
1529 2005 1616 2093 suit,
1644 2032 1685 2087 ac
1709 2011 1812 2092 sami.

465 2100 588 2179 liner
612 2123 682 2177 mc
698 2102 775 2176 ina
817 2120 863 2186 ο,
888 2100 948 2177 sed
969 2102 1052 2178 ina
1092 2124 1134 2177 a:
1160 2122 1238 2199 quo
1258 2101 1495 2201 conquestum
1515 2101 1560 2179 ad
1582 2130 1704 2204 regern
1730 2135 1810 2191 rna.

467 2210 582 2279 trono
605 2198 662 2276 illa
684 2201 787 2275 venie
813 2210 870 2286 at,
896 2201 998 2295 cujus
1024 2199 1137 2276 filium
1169 2219 1216 2274 ex
1239 2201 1392 2273 mortuis
1415 2198 1633 2279 suscitaverat
1657 2203 1807 2289 lilibus.

465 2296 634 2401 Ideoque
667 2297 825 2376 multum
855 2293 1017 2374 dissimile
1047 2295 1194 2397 prolatis
1226 2297 1402 2394 exemplis
1429 2301 1502 2384 est,
1528 2302 1591 2376 ubi
1621 2303 1750 2402 leprosi
1786 2332 1808 2388 e

464 2397 597 2501 longin
624 2419 676 2475 no
701 2395 790 2474 alios
811 2391 1011 2480 inclamasse
1035 2407 1230 2471 narrantur.
1281 2393 1400 2472 Restat
1424 2421 1512 2497 ergo
1541 2398 1598 2477 lll.
1618 2412 1660 2477 ut
1683 2404 1806 2484 creda.

464 2520 549 2577 nm
569 2519 618 2575 co
697 2498 798 2571 uium
817 2496 892 2574 boc
910 2497 1002 2593 regis
1023 2517 1108 2570 cum
1132 2492 1269 2572 Gebazi
1290 2494 1488 2572 institutum
1508 2495 1604 2574 soille
1624 2514 1707 2577 ante
1729 2502 1806 2604 pla·

464 2614 549 2776 ετ
570 2592 703 2697 ipsius,
729 2592 766 2669 dc
797 2616 861 2692 per
892 2599 1093 2708 terquinio
1119 2591 1323 2694 quandam,
1349 2591 1437 2671 loco
1465 2619 1542 2672 non
1573 2598 1656 2684 suo,
1683 2623 1804 2703 neque
1856 2623 1858 2628 ’

539 2708 602 2775 ato
635 2706 843 2813 temporum
872 2692 1023 2781 ordine,
1056 2693 1196 2771 narrari.
1246 2691 1334 2771 Non
1367 2697 1466 2771 enim
1497 2695 1581 2811 quia
1610 2695 1802 2780 Naamanis

463 2797 603 2876 curatio
631 2794 669 2870 ἃ
692 2793 829 2871 oehazi
852 2792 955 2893 plaga
976 2795 1074 2893 prius
1100 2806 1297 2868 memorata
1316 2789 1419 2879 sunt,
1445 2795 1583 2871 idcrrco
1613 2798 1711 2895 prius
1741 2799 1803 2877 ac·

463 2896 644 2975 ciderunt.
694 2890 928 2993 Frequentia,
955 2891 1194 2991 omnibusque
1218 2889 1325 2965 obvia
1354 2892 1390 2963 in
1416 2890 1517 2966 sacris
1546 2890 1653 2968 literis
1685 2892 1801 2972 conli-

463 2993 556 3072 milis
590 2996 793 3088 demissius
828 2990 995 3092 exempla
1017 2991 1120 3085 sunt3
1145 2986 1276 3090 quibus
1314 2988 1536 3064 recensendis
1565 3011 1643 3065 non
1678 2992 1802 3069 estut

463 3113 562 3173 nnnc
587 3095 836 3169 immoremur.

506 3187 750 3276 XXXVII.
776 3186 891 3266 Simili
910 3189 948 3266 in
972 3192 1082 3266 vitam
1104 3184 1403 3262 &valetudinem
1430 3184 1622 3263 bominum
1645 3186 1798 3288 potesta.
1817 3204 1976 3280 xxxin.

463 3305 495 3374 te
520 3288 688 3395 Apostoli
712 3309 860 3388 quoque
879 3287 930 3364 usr
950 3286 1045 3372 sunt,
1072 3285 1135 3384 qui
1156 3281 1342 3382 Propheta
1361 3280 1578 3362 Testamenti
1597 3284 1696 3364 Novi
1720 3286 1797 3366 fue-
1816 3287 1939 3367 apolon

463 3405 552 3474 mut.
608 3389 730 3468 Petrus
750 3388 847 3465 enim
864 3387 1038 3466 Ananiam
1058 3383 1104 3457 de
1125 3383 1243 3479 pretio
1263 3380 1398 3458 venditi
1420 3386 1541 3484 praedii
1558 3388 1796 3466 interverten-
1814 3381 1979 3517 mm*

463 3505 557 3579 nm,
583 3489 621 3566 dc
639 3486 726 3565 Deo
744 3508 786 3563 ac
808 3486 954 3586 Spiritui
975 3482 1080 3584 ipsius
1102 3479 1265 3556 audacer
1284 3483 1543 3586 mentientem,
1568 3507 1646 3561 non
1665 3487 1796 3586 gravis-
1813 3519 1975 3582 ,mm

463 3589 543 3673 ima
566 3586 683 3665 solum
710 3586 872 3662 oratione
895 3585 1118 3683 obiurgavit,
1143 3575 1202 3654 sed
1235 3578 1341 3655 &ita
1373 3579 1577 3683 increpuit,
1602 3597 1644 3661 ut
1666 3585 1794 3664 auditis
1814 3600 1949 3657 averem

463 3687 683 3770 inmunibus
714 3688 790 3783 ejus
810 3706 901 3761 mox
920 3680 1139 3766 conciderit,
1166 3678 1203 3754 &
1224 3680 1446 3756 exanimatus
1473 3682 1586 3763 l'uerit.
1639 3687 1693 3763 Ac
1715 3685 1794 3785 post
1816 3672 1977 3747 &taim-

463 3791 571 3870 rium
598 3786 741 3864 circiter
770 3782 940 3860 bonrum
971 3779 1220 3864 intervallum,
1247 3798 1402 3856 uxorem
1427 3781 1599 3870 Ananiae,
1624 3781 1796 3860 horrendi
1813 3832 1940 3891 mim.

463 3889 555 3968 ffios
573 3882 731 3983 exempli
751 3879 926 3967 nesciam,
950 3893 986 3956 at
1004 3880 1163 3958 criminis
1184 3876 1303 3953 mariti
1321 3874 1473 3970 sociam,
1499 3877 1604 3959 simili
1632 3881 1795 3958 sermone
1852 3945 1855 3950 .
1920 3961 1952 3996 η
2010 3895 2020 3914 ·

463 3983 715 4087 mmpellavit:
739 3981 872 4086 quidest
892 4006 950 4055 cur
973 3984 1151 4054 convenerit
1177 3982 1260 4051 inter
1284 4004 1361 4062 uos,
1385 3986 1612 4076 attentaretis
1641 3987 1798 4074 Spiritum
1904 4053 1952 4078 -.=.

463 4086 628 4172 venian?
650 4090 726 4157 Eece
752 4082 840 4175 pedes
862 4105 968 4154 eorum
998 4085 1056 4177 qui
1074 4077 1259 4172 sepelierunt
1282 4084 1391 4152 virusn
1415 4096 1509 4154 turem
1538 4082 1582 4155 ad
1604 4083 1709 4175 fiune
1739 4080 1800 4166 ad·

463 4195 553 4277 fin,
581 4180 766 4275 &fferam
784 4198 824 4255 u.
875 4181 950 4254 llice
979 4203 1055 4251 vero
1074 4176 1185 4252 cecidit
1203 4176 1248 4249 ad
1263 4177 1351 4268 pedes
1371 4183 1449 4271 eim,
1476 4176 1515 4265 &r
1545 4186 1723 4252 exanimata
1748 4178 1801 4273 qs,

463 4288 529 4372 ist
543 4307 578 4362 v.
596 4308 628 4381 ς.
645 4305 679 4373 9.
699 4305 753 4358 ro.
804 4278 907 4375 Quid
934 4276 1127 4358 dicemus?
1151 4274 1209 4353 An
1234 4271 1360 4352 Petrus
1386 4276 1446 4353 bic
1470 4273 1686 4353 homicida?
1709 4276 1804 4370 Por.

463 4387 607 4492 phyrim
630 4403 716 4457 enm
739 4378 874 4456 saevitiae
905 4400 949 4457 ac
977 4374 1085 4454 caedis
1118 4374 1244 4472 arguit
1295 4373 1409 4470 Cujus
1446 4386 1542 4450 certe
1574 4395 1653 4460 non
1685 4378 1799 4458 mais
1941 4433 1952 4456 ,

463 4481 636 4570 nmen.
661 4499 771 4588 enm
790 4474 1005 4559 uorem
1055 4471 1303 4571 Horonon
1325 4484 1432 4594 negat
1457 4472 1603 4572 istun
1626 4498 1658 4584 ,ο
1697 4479 1800 4660 Asse
1843 4555 1848 4562 .
1913 4481 1955 4646 ,ss

1235 4595 1258 4655 2
1737 4598 1799 4657 na·
1841 4595 1929 4658 ·⁴⁴-.“·

1813 3753 1970 3814 dinembo·
2076 3789 2083 3802 ·
