4909 5425
1013 487 1442 642 iuuentus.
1538 500 1542 510 ·

545 654 1904 682 mmmm

649 723 818 803 Habuit.
835 744 954 828 quem
970 718 1097 801 modo
1123 720 1352 800 extulimuss
1378 719 1507 812 Wtsnu
1519 720 1649 803 noster
1660 727 1854 814 Parentes,
1881 720 1906 803 {a

546 821 690 927 quibus
722 843 866 925 magno
895 843 959 895 ere
979 816 1126 898 laudari
1149 838 1329 897 meretur.
1380 817 1462 894 Fuit
1488 820 1593 899 enim
1614 824 1720 901 Pater
1739 825 1817 917 ejus
1835 827 1906 902 Ni·
1935 902 1937 908 .

548 917 680 999 colans
699 923 818 1003 ths‚
845 1009 852 1021 ο
880 916 910 992 it
927 913 1040 995 famae
1061 912 1163 1020 apud
1179 911 1427 994 Enkhusanos
1440 917 1526 993 inte
1555 921 1724 1005 errimae5
1742 922 1809 1022 qui
1832 925 1900 998 Ec-

547 1012 671 1094 clesrae
692 1012 896 1120 aliquotres
914 1013 1134 1101 Diaconus,
1159 1038 1257 1090 mox
1276 1009 1494 1119 Presbyter,
1580 1034 1744 1128 utroque
1768 1020 1907 1094 Mune·

546 1138 591 1192 re
609 1113 689 1191 hoe
708 1104 965 1217 Ecclefiastieo
984 1134 1077 1187 eum
1096 1105 1175 1188 fide
1194 1107 1373 1198 sununs,
1394 1109 1624 1213 Reipublicae
1645 1110 1908 1191 etiamadmo-

546 1226 609 1288 tus
633 1207 687 1288 est
706 1255 718 1292 ‚
753 1203 840 1311 post
864 1229 986 1286 vanos
1006 1206 1209 1285 honorum
1243 1202 1385 1311 gradus
1414 1206 1610 1300 Qraestura
1630 1213 1670 1288 ὅ(
1691 1207 1905 1290 Consulatu

546 1304 680 1385 austus
694 1324 810 1410 atque
825 1321 994 1384 omatus·
1043 1305 1086 1380 ln
1107 1329 1187 1411 quo
1198 1299 1438 1410 Magistratu,
1457 1300 1552 1381 ficut
1571 1307 1611 1383 in
1622 1305 1799 1386 universo
1814 1307 1904 1392 vitae

545 1402 621 1482 suat
641 1397 845 1481 instituto,
873 1401 925 1477 ita
944 1402 980 1478 se
996 1395 1128 1514 gessit,
1154 1420 1198 1478 ut
1218 1395 1418 1503 proculus
1439 1401 1563 1490 vitiis,
1581 1425 1667 1503 quae
1689 1403 1904 1510 Dignitates

544 1498 719 1585 oblatas,
736 1498 776 1575 δι
795 1492 951 1602 eollatas
973 1496 1144 1575 comitari
1157 1494 1379 1605 frequenter
1389 1492 1526 1573 solent,
1550 1495 1769 1589 modestiae,
1793 1523 1902 1577 man-

546 1592 781 1700 suetudinis,
806 1589 980 1699 iustitiae„
1009 1589 1182 1671 infucatae
1206 1593 1377 1698 pietatis,
1405 1594 1446 1670 δε
1492 1592 1593 1674 riscae
1614 1590 1781 1700 denique
1803 1595 1903 1673 Sim-

545 1690 724 1798 plicitatrs
743 1691 904 1768 nomine
925 1688 1073 1769 civibus
1089 1686 1160 1768 suis
1174 1686 1445 1767 chanllrmuse
1476 1708 1522 1768 et.
1571 1695 1617 1770 Et
1634 1690 1751 1771 habet
1764 1694 1901 1772 etiam-

544 1814 643 1868 num
664 1780 821 1866 Ecclesta
837 1781 861 1864 a
879 1788 963 1866 Viri
981 1783 1092 1879 hujus
1116 1787 1256 1865 Pietate
1274 1780 1498 1888 impreffum
1517 1789 1747 1867 Carminum
1766 1793 1900 1868 Sacro-

542 1911 634 1966 rum
642 1883 832 1971 Librum,
862 1906 1036 1988 quorum
1053 1879 1118 1960 seu
1136 1881 1321 1961 Lestione
1336 1879 1399 1959 seu
1418 1885 1543 1962 Cantu
1563 1887 1665 1964 varie
1688 1883 1898 1966 aedificetur

540 1980 712 2090 populus
739 1975 981 2059 Christianus.
1031 1983 1117 2058 lmo
1150 1982 1191 2058 ὅ(
1223 1977 1357 2057 habuit
1385 1976 1435 2057 ab
1462 1978 1541 2059 hoc
1560 1979 1808 2062 Moderatore
1827 1979 1898 2061 suo

542 2074 762 2182 aequiffimo
789 2077 932 2157 Civitas
951 2074 1173 2156 Enkhusana
1196 2075 1333 2152 Filium
1363 2073 1525 2185 alterum
1554 2077 1745 2175 Jacobum
1776 2076 1897 2169 Wits‚

544 2201 668 2280 quem
697 2193 882 2348 tanquam
909 2174 1024 2278 patris
1052 2170 1208 2277 vestigia
1233 2169 1424 2279 leliurum
1448 2199 1488 2250 tn
1515 2171 1726 2293 Judicum,
1756 2173 1898 2274 quibus

545 2273 662 2352 etiam
684 2293 761 2374 prae
777 2265 900 2349 ideret
921 2294 1130 2376 numerum
1154 2271 1235 2348 cito
1256 2265 1431 2358 adscivit,
1454 2272 1493 2347 &
1512 2297 1535 2352 a
1553 2294 1636 2376 quo
1655 2273 1897 2350 immaturius

544 2369 715 2448 extinito
735 2364 879 2475 absque
892 2364 1023 2445 relrlla
1042 2365 1130 2472 post
1148 2364 1186 2446 se
1201 2363 1367 2444 mascula
1414 2365 1497 2446 role
1509 2387 1606 2446 natae
1622 2363 1708 2446 filiae
1730 2365 1895 2458 habent,

544 2491 622 2544 una
636 2465 821 2544 Maritum
838 2460 1047 2547 Consulem
1062 2460 1234 2558 ejusdem
1251 2461 1357 2542 urbis
1404 2463 1414 2539 i
1444 2459 1639 2562 ru'ffimum
1652 2463 1809 2569 aliisque
1825 2465 1913 2563 Di„

541 2559 753 2668 gnitatibus
769 2559 1024 2666 conspicuum
1052 2559 1262 2640 Nicolaum
1283 2560 1371 2649 Ris,
1399 2486 1516 2640 altera
1536 2557 1673 2639 fiilium
1694 2558 1897 2645 Medicum

540 2656 772 2767 praeclarum
788 2659 1003 2737 Henricum
1022 2659 1110 2749 Ris,
1135 2676 1271 2762 praeter
1286 2652 1382 2735 filias
1400 2657 1588 2762 elegantes
1601 2683 1771 2835 ¹quatum
1790 2657 1896 2739 suari
1967 2741 1970 2746 .

542 2753 755 2837 Consortio
771 2752 944 2859 gavisum
970 2754 1073 2859 apud
1094 2782 1168 2834 nos
1191 2752 1296 2832 haud
1319 2752 1583 2862 infrequenter
1629 2756 1782 2835 atruuni
1809 2758 1892 2835 Ma-

541 2880 667 2961 gnum
688 2848 869 2934 vidimus.
917 2851 994 2929 Cui
1007 2849 1140 2931 nostro
1158 2852 1246 2931 Seni
1268 2854 1392 2930 Mater
1410 2850 1482 2929 fuit
1498 2851 1695 2950 Jobanna,
1720 2854 1894 2931 Foemina

573 2953 609 3029 ia
628 2954 668 3031 &
686 2945 880 3055 prudens,
903 2946 994 3027 Filia
1011 2950 1225 3027 Hermanni
1246 2945 1456 3038 Gerhardi,
1481 2949 1548 3053 qui
1566 2949 1698 3027 multis
1718 2974 1794 3051 pro
1819 2951 1895 3027 Re·

542 2975 692 3155 ligione
711 3043 996 3127 Certaminibus
1019 3047 1223 3127 exercitus,
1246 3042 1334 3147 post
1359 3047 1487 3126 varios
1513 3043 1637 3126 casus,
1669 3050 1709 3125 ὅ(
1729 3044 1895 3151 plurima

540 3171 675 3228 rerum
692 3139 926 3225 discrimina,
961 3167 1046 3221 non
1066 3140 1145 3223 stne
1165 3140 1364 3249 manifesta
1385 3143 1553 3222 numinis
1573 3168 1648 3248 ope
1672 3140 1758 3246 plus
1777 3142 1893 3226 semel

540 3240 837 3323 imminentium
873 3238 1043 3319 hostium
1077 3237 1332 3319 Mucronrbus
1355 3260 1537 3345 ereptus,
1565 3237 1814 3343 tranquillam
1846 3240 1894 3321 fi·

539 3339 711 3446 damqne
728 3338 944 3419 Stationem
967 3340 1008 3415 in
1026 3332 1249 3414 Enkhusana
1275 3335 1435 3416 Ecclesia
1454 3335 1631 3416 obtinuit.
1683 3335 1759 3415 Ubi
1772 3342 1894 3420 Evan-

542 3436 691 3545 gelium
712 3434 813 3514 ultra
835 3435 990 3539 triginta
1009 3458 1133 3515 annos
1150 3458 1241 3512 cum
1265 3458 1406 3535 magna
1431 3441 1511 3512 Inte
1540 3435 1677 3517 sitatis,
1704 3432 1892 3516 eruditio·

540 3535 625 3623 nis,
644 3529 746 3624 leli,
764 3535 808 3643 ,δι
827 3526 939 3610 sacrae
957 3530 1249 3641 flexanimaeque
1267 3457 1639 3642 Eloquentiaeiaude
1655 3525 1814 3622 docuit;
1839 3536 1892 3612 ita

541 3625 744 3710 Eccleslam
762 3626 868 3707 illam
884 3627 991 3709 suam
1010 3626 1078 3707 dili
1108 3653 1175 3708 ens
1197 3652 1237 3707 tn
1259 3632 1459 3719 Domino,
1488 3645 1532 3705 ut
1549 3625 1888 3708 adflorentillimaa
1995 3638 1997 3642 ’

540 3748 657 3829 atque
671 3720 916 3827 amplissimas
942 3727 1058 3806 totius
1079 3652 1201 3827 belgii
1222 3723 1398 3804 Ecclestas
1417 3724 1532 3827 longe
1556 3725 1719 3805 austiori
1743 3727 1891 3831 Stipen-

539 3823 610 3906 dio
630 3822 836 3910 invitatus,
855 3820 904 3899 ab
925 3827 1059 3905 animo
1082 3818 1153 3902 suo
1172 3823 1377 3929 impetrate
1398 3847 1483 3902 non
1507 3824 1708 3924 potuerit,
1743 3843 1785 3902 ut
1803 3847 1891 3903 eam

538 3918 728 4003 desereret
749 3940 937 4027 unquam·
1923 3956 1925 3960 ·

637 4123 736 4198 Tam
789 4105 950 4197 raeilanti
969 4115 1011 4196 te
1030 4112 1244 4197 Christiano
1270 4117 1459 4219 Sanguine
1471 4134 1582 4198 natus
1607 4116 1737 4211 Wtfius
1750 4111 1891 4201 noster·

540 4208 704 4293 alterum
796 4214 979 4295 Pietatem
1002 4214 1258 4294 &Virtutem
1278 4240 1442 4293 omnem
1467 4214 1602 4294 Calcar
1621 4240 1708 4293 acce
1737 4217 1767 4293 it
1789 4214 1890 4294 citia-

538 4305 658 4400 stme‚
695 4307 1051 4415 quando-Parentes
1069 4308 1156 4411 post
1184 4330 1371 4490 conceqta
1397 4331 1488 4394 vota
1525 4309 1575 4391 de
1598 4240 1754 4422 malcuia
1779 4310 1892 4417 prole

536 4408 630 4489 Deo
663 4407 805 4491 Datori
827 4404 1082 4492 consecranda
1115 4405 1276 4504 adeius
1320 4405 1580 4494 aneuffimum
1611 4408 1894 4588 Mmstmflffi}
