4909 5425
764 490 829 568 Dr
856 491 1024 595 'Nonis
1064 502 1192 560 vern
1233 487 1536 569 Piorum*-
1773 525 1828 587 ut

472 613 604 691 mimo
639 611 764 689 noslro
796 605 1072 692 insimulemus,
1098 605 1288 706 praesertim
1320 611 1360 687 in
1396 611 1503 690 rebus
1539 613 1713 708 Divinis,
1738 644 1826 725 quas
1840 647 2007 726 papien..

472 713 617 790 ludicre
653 712 691 788 &
721 708 888 789 fallaciter
920 705 1088 793 tratlare,
1114 702 1259 783 summae
1286 709 1479 810 impietatis
1504 714 1597 797 esti
1637 720 1826 811 Attamen,
1842 746 1910 786 rum
1922 749 1998 792 nm

473 815 600 891 omnis
623 811 710 891 sides
726 831 805 911 quae
830 805 890 885 tali
910 802 1159 883 asseveratione
1181 806 1331 894 nititur,
1359 832 1474 910 quum
1504 832 1582 888 non
1602 816 1734 896 nitatur
1758 820 1824 901 nisr
1840 807 1966 881 plemen.

473 911 690 989 testimonio
718 908 905 996 hominis,
930 905 1062 1005 probi,
1088 902 1114 981 fi
1141 907 1218 992 vis,
1244 906 1281 981 dt
1306 906 1377 984 fide
1411 907 1535 1008 digni,
1561 924 1603 988 ut
1633 917 1696 1013 qui
1731 921 1824 1001 inter
1841 894 1914 945 Μ’·

473 1011 648 1088 homines
667 1010 825 1086 maxime
844 1004 894 1081 est
911 1006 1112 1102 ierim-G,
1138 1021 1175 1080 at
1195 1005 1356 1083 hominis
1380 1019 1522 1103 tamen3
1548 1033 1627 1113 non
1649 1012 1713 1093 nili
1733 1019 1822 1099 sides

473 1110 637 1189 humana
656 1109 724 1195 est,
750 1128 830 1208 quae
848 1104 979 1183 ultimo
997 1103 1181 1179 resolvitur
1201 1104 1239 1179 in
1266 1105 1511 1184 auiloritatem
1535 1111 1729 1191 testimonii
1754 1118 1823 1199 hu.

473 1212 586 1287 mani.
639 1209 819 1288 Caeterum
844 1202 996 1303 amplius
1029 1203 1089 1278 hic
1113 1200 1250 1304 aliquid
1281 1206 1500 1306 requiritur:
1527 1233 1610 1288 narn
1635 1213 1822 1315 prophetae
1937 1274 1950 1297 .

471 1308 660 1386 sermones
678 1305 760 1382 suos
780 1303 890 1379 veluti
913 1302 1056 1379 oracula
1081 1302 1192 1401 recipi
1220 1302 1436 1390 voluerunt,
1463 1330 1504 1385 ea
1536 1307 1606 1386 fide
1631 1334 1711 1413 quae
1742 1339 1821 1393 non

473 1405 538 1485 nisi
558 1407 704 1487 Divinis
725 1402 824 1481 didit
843 1401 1003 1478 debetur.
1051 1399 1125 1480 Dei
1145 1423 1234 1499 ergo
1260 1399 1367 1502 ipsius
1391 1404 1638 1487 testimonium
1671 1415 1821 1493 accede·

472 1529 512 1584 re
533 1519 704 1609 oportet,
728 1524 805 1605 quo
832 1524 899 1602 pro
926 1501 1018 1577 hetae
1047 1500 1139 1577 illius
1161 1497 1261 1577 dislis
1287 1502 1499 1582 concilietur
1529 1505 1666 1587 Divina
1700 1515 1820 1593 autio-

473 1606 568 1685 ritas.
621 1606 664 1686 ld
692 1616 812 1681 autem
845 1612 880 1676 te
914 1602 1091 1677 ’monium
1127 1597 1230 1678 Deus
1265 1622 1343 1677 non
1377 1624 1453 1680 uno
1489 1606 1606 1684 modo
1641 1611 1820 1725 perhibet,
1909 1610 1913 1619 '

471 1701 517 1783 Et
545 1701 843 1807 primoquidem
878 1712 978 1785 tum,
1005 1699 1154 1800 quando
1212 1698 1441 1791 ulterioribus
1477 1706 1675 1805 prophetin
1709 1711 1819 1795 fidem

472 1806 643 1892 adstruit,
669 1807 834 1906 priorum
862 1800 1112 1899 implemento.
1194 1800 1358 1876 nimvero
1391 1803 1704 1902 complementum
1733 1835 1819 1913 pro·

522 1908 698 1990 etiarum,
720 1924 767 1978 ex
792 1899 920 1976 ordine
940 1896 1083 1977 Divinae
1109 1897 1368 1999 providentie,
1395 1900 1446 1977 est
1464 1901 1711 1989 testimonium
1738 1936 1818 1992 rea.
1969 1912 1972 1919 ’

515 2059 528 2091 ,
554 2027 632 2107 quo
654 2002 867 2090 adstruitur,
891 1995 1097 2099 prophetias
1152 1997 1258 2074 uibus
1287 1999 1337 2074 ita
1372 1999 1555 2100 respondit
1571 2019 1738 2103 ‚eventus
1770 2035 1818 2091 ex

471 2102 563 2184 Deo
592 2101 670 2181 esse.
721 2097 775 2179 Ex
806 2120 886 2199 quo
914 2119 1025 2199 porro
1055 2022 1309 2197 coniequitur,
1334 2096 1427 2177 velle
1454 2097 1602 2189 Deum,
1627 2117 1669 2181 ut
1693 2107 1724 2183 is
1756 2114 1817 2188 cui

468 2204 602 2283 setam
628 2199 845 2280 familiariter
875 2195 1064 2298 patefecit,
1087 2196 1124 2271 dr
1146 2196 1250 2292 cuius
1272 2197 1437 2276 vaticinia
1461 2200 1514 2277 rei
1544 2199 1652 2302 ipsius
1676 2210 1815 2306 praesta.

468 2306 572 2382 tione
594 2300 845 2385 confirmavit,
873 2318 943 2397 pro
962 2294 1138 2409 propheta
1163 2317 1183 2372 a
1204 2294 1345 2394 populo
1373 2295 1438 2375 suo
1467 2298 1683 2399 agnoscatur.
1736 2307 1813 2387 De.

466 2401 639 2583 nn&
656 2393 1812 2587 unrntanrznnnr

591 2524 629 2578 ln
1608 2555 1621 2588 ν
1656 2526 1680 2580 0
1723 2531 1769 2585 eil

464 2522 704 2689 „omfflffi
737 2595 1034 2697 decipipatiamr
1064 2594 1109 2672 ab
1131 2615 1178 2671 eo
1203 2615 1314 2693 quem
1347 2593 1454 2696 ipsius
1486 2592 1576 2695 jussu
1615 2615 1676 2679 aut
1708 2627 1812 2685 com.
1969 2660 1977 2673 .

464 2700 701 2781 mmdatione
752 2718 795 2773 ro
822 2718 892 2797 pro
918 2692 1002 2770 heta
1025 2703 1252 2795 agnoverunt
1283 2693 1563 2798 &receperunt
1614 2699 1716 2782 Nihil
1740 2706 1810 2786 ho.

463 2825 546 2880 nrm
566 2801 616 2879 eil
638 2721 751 2901 quod,
773 2819 852 2875 non
876 2718 1073 2872 dicemur
1097 2796 1137 2871 in
1166 2791 1309 2870 historia
1332 2794 1515 2873 Samuelis.
1554 2799 1683 2878 rSam
1702 2832 1806 2883 rire.

465 2926 595 2998 19020.
625 2990 627 2996 Ι
649 2910 759 2995 Quum
779 2915 886 2971 auten
909 2896 1048 2992 cremffit
1066 2894 1216 2983 Samuel,
1240 2891 1364 2989 Jetova
1388 2915 1457 2968 erat
1484 2922 1555 2971 cum
1580 2925 1636 2983 eo,
1662 2903 1739 2976 adeo
1767 2925 1808 2980 ut

463 3029 521 3078 aaa
533 3001 654 3096 finem
674 2998 813 3073 derideo
834 2996 933 3070 usum
956 3021 994 3068 ne
1014 2994 1199 3115 sermonibpr
1226 2996 1285 3090 ejus
1306 2998 1340 3065 in
1368 3009 1496 3068 terram.
1551 2999 1641 3071 Unde
1666 3013 1808 3100 cognovit

463 3120 539 3179 m
565 3100 663 3197 lsrael
685 3103 707 3171 d
727 3104 821 3172 Dana
839 3096 885 3171 ad
906 3094 1081 3191 &asciam
1111 3095 1230 3195 usque,
1255 3092 1434 3168 samuelem
1452 3091 1630 3188 stabilitum
1651 3102 1704 3201 effe
1725 3112 1806 3180 Pro.
1830 3183 1836 3196 ‚

524 3229 582 3277 m
631 3198 745 3273 esovae.

463 3200 656 3382 *iinll
691 3294 812 3375 Semel
844 3305 967 3371 tamen
992 3289 1196 3368 invenimus
1224 3288 1441 3391 prophetam
1470 3290 1629 3395 aliquem
1664 3321 1801 3382 nomen
1821 3333 1923 3402 m
1933 3341 1979 3404 ro-

463 3399 528 3484 Dei
554 3391 756 3478 obtendisse
781 3394 843 3472 suo
867 3390 1069 3469 mendacio·
1121 3387 1250 3486 Quem
1276 3388 1413 3468 miserat
1437 3389 1540 3471 Deus
1567 3407 1607 3472 ut
1635 3397 1802 3498 prolana.
1818 3417 1976 3499 „nm

463 3505 597 3582 sonem
618 3497 735 3578 altaris
756 3493 955 3575 Bethelitici
974 3492 1256 3592 praenunciant,
1281 3491 1313 3566 ei
1338 3488 1413 3606 lroc
1444 3488 1548 3570 simul
1574 3500 1712 3595 negotii
1738 3502 1799 3582 de.
1821 3496 1917 3554 nanus
1929 3510 1994 3572 rr*

463 3603 576 3688 ierat,
604 3611 652 3675 ne
673 3596 731 3674 vel
750 3617 881 3697 panem
907 3592 1053 3708 ederet3
1078 3589 1134 3707 yel
1156 3612 1287 3690 aquam
1311 3590 1464 3707 biberet·
1480 3615 1526 3707 eo
1553 3592 1636 3673 loci.
1690 3602 1720 3679 A
1746 3627 1799 3680 re.
1817 3573 1992 3714 mm·

463 3687 1991 3893 militinensis?1⁰innimurrnbrecr:ma

463 3903 512 3980 ari
538 3920 621 4004 quae
639 3896 735 3999 gesta
758 3903 860 3969 erant
881 3901 1044 3966 enarrant
1064 3890 1087 3965 fi
1106 3890 1126 3906 '’
1189 3888 1222 3969 ls
1244 3888 1438 3990 insequitur
1459 3891 1575 3969 virum
1597 3891 1689 3987 Dei,
1714 3854 1798 3977 asses
1817 3884 1975 3948 mm·
1991 3859 2010 3886 ‘

463 4003 602 4104 quimr,
629 3995 765 4100 pellicit
787 3990 833 4069 ad
856 3989 1042 4073 reditum,
1064 3988 1102 4063 δι
1134 3991 1297 4066 renuenti
1332 3989 1383 4066 ob
1418 3991 1644 4072 interdislum
1678 4004 1798 4077 numi.

463 4102 533 4188 nie,
555 4094 774 4200 respondet:
801 4099 895 4167 etiam
917 4114 968 4187 ego
992 4088 1137 4183 propiata
1150 4091 1247 4183 sun,
1271 4110 1312 4164 ut
1342 4109 1400 4176 tu,
1427 4090 1467 4178 ά
1492 4093 1623 4189 Angelus
1648 4096 1798 4177 adoratus

463 4206 557 4302 stne
579 4228 620 4277 ex
645 4194 740 4272 verbo
760 4193 905 4291 Jeiovae,
927 4189 1082 4279 dicendo,
1105 4189 1200 4265 reduc
1233 4216 1306 4264 eum
1335 4208 1437 4265 tecum
1469 4192 1597 4264 domun
1620 4210 1731 4282 ruam,
1755 4213 1810 4278 aa

463 4305 738 4395 mapsam,
762 4292 909 4382 &bibat
927 4312 1073 4389 aquam
1100 4311 1149 4366 rr
1173 4310 1436 4368 murmur
1460 4311 1504 4366 er.
1555 4288 1677 4368 Credit
1692 4319 1794 4377 men.

463 4403 557 4483 secio
584 4396 804 4480 virbonus,
828 4392 865 4468 δι
888 4390 1043 4490 antiquae
1061 4384 1128 4467 sim
1155 4386 1327 4472 licitatisa
1354 4388 1413 4466 sed
1434 4408 1570 4485 magno
1597 4384 1660 4468 suo
1682 4398 1794 4483 malo.

463 4501 555 4585 )um
580 4497 683 4579 anim
704 4490 834 4574 nuniz
860 4488 1065 4580 acuemus,
1081 4493 1115 4587 f
1133 4515 1210 4670 Pu·
1243 4492 1281 4585 qt
1311 4488 1445 4566 anim
1471 4486 1609 4588 ἕψου.
1630 4515 1726 4577 κωη
1748 4499 1794 4583 sn

1187 4612 1212 4676 2
1719 4616 1793 4682 wls
