4909 5425
728 534 803 626 678
1157 514 1341 603 baaru.
1392 515 1508 596 Car.
1556 512 1609 592 X.

547 689 687 751 χχχιιι,
829 648 1002 730 ΧΧΧΠΙ.
1028 651 1138 751 Igitur
1154 649 1388 747 Colloquium
1408 643 1547 722 adxvr.
1564 643 1638 719 Kal.
1664 642 1811 723 octob.
1849 644 2061 719 restauraturi

548 770 709 834 erharr'n·
736 757 793 831 cui
806 755 921 831 rursus
935 752 1059 827 eodem
1073 752 1179 840 loco,
1194 752 1295 839 Rex,
1310 748 1460 847 Regina,
1474 747 1651 819 Navarrus
1665 750 1697 819 δι
1710 748 1861 833 caeteri,
1889 745 1947 817 sed
1968 750 2064 818 mino·

545 856 578 935 δ”
601 850 719 915 OWII·
735 858 767 933 ri
780 858 902 947 turba,
920 851 1157 928 interfuerunt.
1207 848 1283 925 Ubi
1293 850 1501 945 Lethariugur
1526 849 1632 1021 longa
1662 850 1694 919 ἃ
1721 848 1786 921 diu
1806 867 1894 923 ante
1923 846 2061 920 meditata

738 959 899 1032 oratione
913 956 1009 1057 egit,
1023 951 1156 1057 quaefibr'
1177 978 1216 1025 ue
1227 959 1350 1051 periret
1361 950 1514 1043 (Ibuani
1524 975 1587 1024 ver
1613 950 1642 1022 is
1654 951 1824 1048 loquor)
1839 948 2018 1048 congressu
2027 953 2058 1021 il·

737 1060 1033 1141 tetrartemoria
1048 1058 1228 1139 Turranii,
1243 1080 1281 1126 ac
1289 1055 1434 1151 plurium
1445 1052 1906 1148 I'brologrrumsententiam,
1920 1071 2065 1149 exoptare·

735 1183 801 1236 rat.
853 1163 908 1232 De
926 1154 1073 1232 Ecclesia
1087 1156 1392 1243 autem&Coena,
1426 1180 1469 1225 ex
1484 1152 1627 1225 suorum
1640 1174 1790 1240 mente,
1833 1182 1916 1227 non
1929 1155 2068 1251 imperite

738 1259 951 1360 disputabat:
973 1257 1014 1327 de
1027 1256 1228 1330 Antistitum
1251 1256 1397 1329 nomine
1423 1254 1579 1342 testatus,
1606 1253 1686 1328 sein
1702 1256 1769 1328 hac
1800 1254 1973 1329 doctrina
1989 1278 2070 1352 quan

736 1358 954 1460 explicasset,
971 1358 1090 1429 vivere
1108 1360 1139 1429 8(
1155 1357 1247 1429 mori
1258 1357 1357 1433 velle.

550 1510 680 1569 XXXIV
839 1460 1016 1532 XXXIV.
1042 1457 1121 1529 Post
1136 1482 1260 1529 omnes
1280 1459 1340 1554 qui
1352 1454 1491 1530 aderant
1506 1453 1677 1531 Antillites
1692 1454 1898 1557 alsurgunt‚
1926 1455 2011 1530 &ad
2019 1458 2070 1529 lle·

552 1547 711 1647 curcmir
742 1586 823 1664 gem
836 1555 1177 1658 propiusaccedunt:
1205 1556 1316 1654 deque
1330 1557 1474 1630 illorum
1491 1559 1638 1629 nomine
1661 1558 1864 1630 Cardinalis
1881 1559 2068 1632 Turnonius

549 1663 729 1751 confflem
742 1662 903 1747 testatur,
930 1654 1086 1731 eamell'e
1098 1656 1256 1754 ipsorum
1272 1655 1357 1731 fidei
1371 1655 1643 1745 consessionem,
1657 1685 1769 1756 quam
1781 1661 1942 1757 proprio
1960 1659 2070 1758 sangui·

738 1790 785 1837 ne
804 1760 929 1836 vellent
947 1756 1153 1856 obsignare:
1176 1782 1255 1829 eam
1285 1756 1348 1829 else
1374 1757 1496 1830 sauc'lae
1519 1759 1637 1831 matris
1652 1759 1756 1833 Ecclc
1778 1786 1825 1833 1ae
1855 1759 2069 1837 indubitatam

740 1864 942 1939 veritatem:
968 1860 1124 1956 Regem,
1152 1854 1193 1929 de
1206 1859 1384 1951 majorum
1400 1856 1544 1929 suorum
1559 1865 1703 1935 more&
1719 1863 1905 1949 instituto,
1924 1862 2013 1933 illam
2025 1869 2068 1943 fir.

627 1966 630 1975 '
741 1966 843 2037 miter
857 1960 999 2032 retinere
1013 1955 1148 2029 debere.
1196 1958 1337 2032 sivero
1369 1961 1393 2030 ii
1411 1960 1469 2056 qui
1486 1957 1550 2030 sese
1564 1958 1609 2032 ab
1625 1960 1781 2036 Ecclesia
1809 1966 1979 2038 Romana
1995 1969 2069 2067 sepa.

741 2062 863 2139 rall'ent
875 2112 887 2148 ‚
900 2061 1031 2133 vellent
1045 2061 1075 2132 ei
1096 2055 1304 2133 consessioni
1328 2058 1561 2148 subscribere,
1603 2080 1681 2134 tum
1698 2066 1882 2139 nimirum
1899 2069 2067 2165 reciperen-

655 2230 658 2235 .
742 2187 817 2253 tur,
840 2161 921 2234 &in
935 2161 1008 2233 aliis
1033 2156 1206 2256 capitibus
1222 2160 1360 2257 plenius
1377 2156 1601 2249 audirentur,
1646 2164 1837 2263 inquibus
1864 2168 1933 2240 sese
1958 2171 2069 2243 inllitui

741 2267 831 2340 velle
848 2262 1016 2334 dixerint:
1033 2261 1164 2357 alioqui
1180 2285 1328 2333 omnem
1344 2259 1550 2336 audientiam
1561 2265 1626 2340 illis
1641 2262 1807 2365 denegari
1826 2270 1970 2361 debere,
1984 2273 2069 2371 Regis

740 2392 831 2442 vero
843 2359 1005 2436 officium
1018 2358 1105 2447 effe,
1124 2360 1203 2433 illos
1218 2381 1312 2433 extra
1328 2360 1500 2434 ditionem
1511 2361 1605 2437 suam
1622 2367 1820 2463 expellere:
1842 2373 1950 2448 illum
1963 2376 2021 2447 hac
2038 2376 2067 2447 de

746 2493 782 2540 re
792 2466 938 2539 suorum
948 2462 1118 2533 omnium
1134 2462 1279 2534 nornine
1295 2462 1328 2555 se
1339 2464 1566 2540 vehementer
1580 2493 1688 2538 orare.

556 2543 683 2603 xxxv·
840 2564 997 2641 XXXV.
1023 2563 1121 2635 Turn
1133 2564 1218 2632 beza
1235 2563 1370 2661 Regem
1383 2568 1556 2640 continuo
1571 2588 1695 2667 rogat,
1714 2571 1772 2643 uti
1790 2575 1987 2651 Lothareni
2010 2605 2069 2650 ora·

557 2624 696 2685 Bezere-
763 2667 771 2683 .
827 2666 834 2680 .
1304 2665 1310 2679 .
1531 2669 1541 2685 .
1585 2669 1591 2683 .
2035 2683 2040 2695 ,

549 2696 717 2862 'pum
746 2686 837 2740 trom
851 2689 894 2736 ex
907 2681 1068 2835 ternpore
1081 2659 1312 2761 respondendi
1324 2645 1466 2744 incultas
1481 2666 1542 2741 srbr
1552 2669 1741 2744 tribuatur:
1759 2675 1981 2752 verebantur
1995 2706 2069 2757 enm

544 2769 547 2774 ’
572 2779 690 2844 acuitas
703 2797 732 2838 eo
747 2765 893 2841 Ministri
905 2761 980 2837 nefi
1010 2763 1020 2834 i
1034 2764 1183 2862 amplius
1193 2767 1430 2839 conveniendi
1445 2770 1590 2866 potestas
1606 2799 1680 2844 non
1696 2771 1818 2859 fieret3
1847 2777 1945 2853 fama
1958 2781 2069 2855 ubiaue

558 2861 733 2942 diffidam·
747 2864 1041 2948 increbrescente,
1054 2865 1223 2938 Antistites
1240 2866 1447 2939 constituisse
1459 2873 1636 2967 praeterito
1658 2901 1702 2945 eo
1728 2876 1807 2965 die,
1833 2881 1925 2954 nihil
1941 2857 2069 2980 amplius

741 2995 832 3046 cum
841 2967 905 3040 illis
919 2964 984 3039 nili
998 2993 1059 3064 per
1075 2968 1496 3042 excommunicationum
1520 2971 1665 3048 sulmina
1680 2981 1825 3051 ac'luros
1841 3033 1854 3070 ‚
1898 2986 1931 3056 ἃ
1948 2985 2069 3082 quidem

746 3071 838 3144 haud
854 3089 1055 3168 opportune
1071 3067 1240 3161 injectum
1256 3065 1318 3139 else
1333 3095 1351 3140 a
1365 3071 1449 3144 beza
1467 3069 1508 3144 de
1530 3075 1795 3150 Germanorum
1826 3082 1998 3159 sententia
2020 3087 2069 3159 ser.

746 3195 919 3257 monem,
942 3187 1239 3267 quemarreptum
1252 3168 1429 3267 ingeniose
1446 3198 1466 3246 a
1493 3175 1712 3267 Lotharen0,
1756 3183 1993 3259 occasronem
2009 3185 2070 3260 sore

745 3269 909 3354 nonnulli
921 3266 1177 3366 suspicabantur
1186 3327 1202 3358 .,
1228 3275 1266 3344 &
1278 3270 1456 3346 eludendae
1472 3275 1677 3351 Collationis
1687 3329 1699 3366 ‚
1725 3282 1982 3360 &Germanas
2001 3305 2070 3364 cum

745 3371 941 3448 reformatis
957 3367 1123 3444 Ecclesras
1159 3367 1306 3446 ridiculo
1337 3374 1433 3446 exitu
1455 3381 1713 3457 committendi.
1766 3383 1947 3462 Ministris
1971 3412 2071 3464 tamea

744 3469 976 3575 respondendi
991 3495 1035 3543 eo
1050 3469 1105 3541 die
1117 3467 1258 3546 facultas
1273 3470 1456 3573 denegata,
1480 3479 1510 3550 dt
1525 3480 1561 3550 in
1574 3482 1680 3554 alium
1696 3482 1791 3556 diem
1803 3513 1862 3560 res
1879 3489 1994 3566 dilata:
2007 3519 2071 3592 qux

746 3576 817 3676 ipsa
833 3600 976 3673 quoque
986 3573 1091 3643 variis
1108 3572 1242 3667 injectis
1252 3576 1399 3646 remoris
1414 3581 1655 3672 procrastinata
1672 3585 1725 3660 ell.

562 3711 703 3773 χχχιι,
860 3675 1033 3748 XXXVI.
1060 3673 1181 3770 Itaque
1194 3675 1261 3747 illis
1282 3672 1507 3751 dilationibus
1522 3684 1624 3756 veriti
1643 3683 1794 3761 Minillri
1827 3716 1876 3764 ne
1899 3719 1954 3767 res
1970 3695 2072 3770 omni,-

562 3786 704 3872 Miniflri
749 3776 1079 3875 interrumperetur,
1102 3774 1262 3849 libellum
1284 3774 1425 3850 tandem
1437 3777 1628 3881 supplicem
1637 3786 1726 3886 Regi
1742 3782 1877 3865 offerre
1887 3793 2072 3878 instituunt.

562 3875 719 3969 ‘mim‘
750 3875 1036 3977 quandoquidem
1050 3875 1115 3948 suo
1127 3876 1294 3952 mandatu
1306 3875 1347 3949 de
1363 3897 1434 3952 tam
1452 3881 1653 3985 longinquis
1670 3890 1884 3988 regionibus
1899 3897 1965 3970 illo
1979 3895 2073 3970 venis.

561 3949 737 4117 {zzz-”55⁶
751 3982 849 4068 sent,
863 3999 902 4053 ut
920 4005 956 4051 re
968 4002 1053 4052 cum
1066 3977 1279 4052 Antistitibus
1294 3998 1414 4075 pacate
1427 3988 1690 4061 communicata
1709 4011 1818 4088 atque
1844 3997 1977 4072 collata
2003 4060 2013 4090 ,
2043 3997 2072 4067 de

565 4125 646 4190 mla

750 4078 969 4179 exstirpandis
985 4075 1157 4152 erroribus
1169 4079 1228 4177 qui
1243 4097 1300 4154 tot
1314 4105 1425 4154 annos
1437 4083 1622 4160 Ecclefiam
1634 4091 1897 4188 oppressissent,
1912 4101 2072 4173 conteni

749 4203 868 4257 retur:
895 4183 946 4254 uti
956 4181 1138 4278 Colloquii
1148 4180 1239 4254 illius
1254 4180 1443 4280 cauffaeque
1457 4183 1527 4260 suae
1554 4187 1715 4264 dicundae
1741 4213 1849 4292 atque
1866 4201 2072 4300 explicando

748 4282 896 4384 potestas
917 4281 1032 4355 fieret:
1060 4281 1164 4381 Regis
1181 4284 1323 4382 augusto
1338 4283 1401 4357 illo
1410 4285 1680 4365 Christianiffimi
1693 4298 1847 4369 nomine
1863 4305 1996 4390 ornati,
2012 4328 2073 4376 ont·

748 4387 836 4457 nino
851 4409 981 4458 munus
994 4381 1080 4476 else,
1106 4383 1297 4482 Religionis
1311 4388 1549 4485 patrocinium
1564 4389 1743 4493 suscipere.
1796 4400 1892 4474 Eam
1907 4403 1973 4477 etse
1986 4406 2071 4478 ratic.

748 4489 852 4577 aiem,
868 4481 1163 4588 &Regnumlibi,
1177 4489 1210 4561 dr
1225 4485 1353 4590 Regno
1368 4487 1431 4564 suo
1440 4515 1565 4590 pacem
1578 4511 1682 4595 atque
1695 4503 1993 4600 tranquillitatem
2004 4529 2070 4580 cca.

2020 4621 2070 4680 ter.
