4909 5425
722 506 764 588 ιε
1126 496 1246 569 Liri.
1278 495 1305 568 Ι.
1366 493 1503 567 cnr.
1534 432 1668 568 vilis
1712 504 1722 527 ’-

722 614 935 697 autemillis
964 611 1094 709 partim
1121 613 1158 689 in
1181 614 1315 689 arcanis
1343 611 1414 689 Dei
1440 608 1595 687 consiliis
1621 609 1753 697 latent,
1779 609 1821 687 dc
1857 609 1976 692 simul
2005 614 2077 698 suni·

721 731 767 795 tae
788 712 1036 792 intiiiitaesunt.
1085 710 1183 789 Hinc
1209 709 1343 789 necesse
1367 710 1439 794 est,
1465 709 1779 812 suturipraescium
1799 713 1838 786 ἃ
1863 736 2005 792 arcana
2027 742 2078 795 nu·

721 819 829 895 minis
856 813 1040 912 explorata
1070 811 1226 897 habere,
1254 812 1298 893 di,
1320 823 1468 911 proptor
1503 809 1722 884 infinitarum
1750 808 1966 888 caullarum
2006 820 2078 915 peri

721 919 810 992 tiam
844 914 968 986 omnia
991 911 1086 986 scire.
1139 912 1248 1010 Atqui
1275 923 1445 985 neutrum
1479 906 1741 985 inhumanam
1770 924 1955 988 naturam
1992 917 2077 999 cadit

722 1018 799 1111 Q&
823 1021 906 1085 enim
942 1012 1102 1085 hominurn
1126 1021 1218 1083 nouit
1249 1038 1284 1083 ea
1308 1036 1377 1112 qua
1396 1009 1479 1102 sunt
1508 1008 1658 1094 hominii,
1681 1009 1740 1100 nifi
1766 1012 1901 1102 spiritis
1943 1013 2075 1103 hoium,

722 1117 836 1216 qui-est
858 1122 891 1183 in
914 1113 980 1184 eo?
1003 1117 1049 1182 ita
1070 1118 1165 1183 etium
1186 1137 1221 1182 ea
1242 1107 1403 1210 quaesunt
1425 1113 1489 1181 Dei
1511 1132 1597 1180 nemo
1617 1115 1732 1194 nivii,
1755 1108 1818 1199 nifi
1842 1116 1996 1203 Spiritu
2022 1125 2075 1196 Da'.

728 1213 920 1293 iconii.
943 1233 997 1286 11.
1048 1207 1166 1322 Atque
1186 1207 1268 1283 ‘liaec
1292 1208 1340 1288 est
1364 1207 1455 1281 ratio
1482 1227 1546 1280 cur
1572 1227 1618 1279 ex
1642 1202 1853 1283 futurorum
1882 1220 2074 1315 praecogn'i

722 1316 827 1388 tione
849 1303 1046 1405 Deus'ipse
1070 1305 1310 1383 Divinitatem
1335 1305 1432 1382 suam
1458 1316 1590 1402 arguat
1626 1302 1777 1404 Jelxri.
1793 1330 1859 1387 21.
1892 1309 1945 1398 ῤ’
1964 1316 2073 1417 sepe

755 1433 823 1484 niv.
845 1420 877 1484 6.
923 1463 931 1481 .

541 1540 597 1607 ix.
611 1546 664 1607 ne.
725 1433 753 1487 x
777 1505 851 1584 [Χ.
880 1433 989 1582 suno
1014 1502 1059 1578 ad
1079 1506 1264 1581 contrariae
1283 1504 1463 1580 sententiae
1485 1510 1695 1600 argumenta
1718 1503 1977 1602 accedamus,
2003 1536 2074 1614 quc

532 1620 694 1700 spinaeiur
726 1629 809 1680 rum
830 1603 1043 1680 refutatione
1064 1604 1221 1680 breviter
1236 1605 1437 1705 poterimus
1458 1600 1614 1698 defungi.
1664 1610 1810 1678 Primum
1829 1630 1959 1707 quam
1982 1611 2074 1697 litin-

540 1701 713 1760 auratum
728 1703 911 1793 validum,
935 1725 983 1778 ex
1004 1724 1049 1776 eo
1073 1702 1210 1803 liquet,
1239 1701 1340 1804 quod
1363 1704 1467 1802 plane
1481 1697 1613 1776 diversa
1637 1703 1727 1778 ratio
1742 1710 2027 1800 praeteritorum
2044 1736 2073 1790 rc

541 1775 683 1858 adversas.
726 1802 930 1879 futurorum
955 1799 1006 1883 sit.
1058 1802 1235 1879 Praeterita
1255 1802 1354 1878 enim
1372 1815 1536 1886 certum,
1563 1797 1766 1875 evidentem
1788 1803 1829 1878 δι
1848 1806 1993 1887 effectu
2013 1812 2073 1912 ipio

727 1903 1009 2001 comprobatum
1030 1923 1167 1975 nexum
1187 1903 1349 1993 habent3
1376 1924 1487 2002 quem
1510 1899 1687 1974 memoria
1706 1920 1783 1975 non
1803 1905 1944 1982 minus
1963 1933 2074 2011 repin·

725 1999 838 2077 sentat
859 2023 969 2115 quam
989 1996 1168 2098 simplices
1190 2024 1310 2076 rerum
1331 2001 1589 2100 praeteritarum
1618 1995 1738 2073 ideas-t
1764 2001 1913 2081 virtute
1966 2010 2069 2086 uideni

726 2100 882 2175 mirabili
901 2122 943 2176 ac
962 2097 1133 2199 stupenda
1155 2099 1315 2198 prorsus,
1343 2102 1445 2197 cujus
1468 2099 1646 2173 rationem
1670 2094 1891 2178 subtilillimi
1927 2106 1954 2184 P
1980 2106 2073 2185 ‘oio-

725 2199 886 2300 phorum
911 2220 989 2274 non
1008 2212 1216 2297 exponant,
1243 2212 1278 2274 at
1299 2221 1409 2298 quam
1431 2195 1559 2296 singuli
1580 2198 1762 2272 tamenin
1780 2200 1901 2279 nobis
1925 2205 2008 2307 ipsis
2025 2230 2075 2284 er·

683 2376 686 2383 ,
725 2298 895 2398 perimus.
948 2296 976 2374 F
978 2309 1080 2372 utura
1113 2310 1234 2373 autem
1260 2300 1530 2397 contingentia,
1556 2294 1686 2391 uostrae
1711 2299 1946 2396 cognitionis
1978 2306 2076 2408 respe-

725 2396 809 2482 slu,
835 2397 976 2472 nullum
998 2409 1138 2472 certum
1159 2420 1297 2472 nexum
1318 2398 1475 2487 habent3
1502 2394 1621 2471 sedin
1647 2418 1770 2471 earum
1796 2421 1928 2480 rerum
1957 2428 2076 2521 genere

724 2495 827 2582 sunt,
854 2519 935 2597 quae
958 2496 1073 2570 menti
1097 2495 1225 2571 nostrae
1251 2496 1502 2582 obversantur,
1530 2497 1583 2570 uti
1604 2516 1684 2594 quae
1705 2516 1807 2609 aeque
1827 2522 1915 2577 non
1944 2506 2027 2584 lieri
2043 2527 2075 2585 ac

723 2594 801 2671 fieri
824 2591 977 2695 possunt
1030 2593 1165 2674 Omnis
1190 2617 1320 2671 eorum
1335 2618 1451 2672 nexus
1468 2595 1557 2671 latet
1575 2595 1614 2668 in
1630 2592 1760 2670 abdito
1784 2595 1988 2681 satorum:
2015 2626 2074 2709 qut

724 2707 911 2794 penetrare
933 2718 1037 2770 mens
1068 2692 1186 2769 nostra
1209 2718 1274 2793 per
1304 2693 1372 2773 sese
1400 2698 1498 2796 potis
1520 2716 1596 2769 non
1620 2692 1679 2768 est.
1727 2693 1820 2773 Non
1849 2696 1926 2779 esle
1959 2704 2074 2784 adino

726 2794 816 2872 dum
840 2791 1008 2880 difficile,
1036 2795 1076 2869 iri
1095 2796 1312 2871 memoriam
1333 2818 1502 2872 revocare
1523 2816 1579 2869 res
1604 2816 1691 2894 quas
1712 2796 1858 2895 pridem
1881 2803 1942 2879 uti
1977 2805 2074 2906 gella

728 2897 920 2980 novimus,
947 2893 1150 2993 &quarum
1171 2917 1309 2970 nexum
1329 2894 1418 2970 dum
1431 2892 1613 2969 exstabant
1625 2895 1815 2991 cognitum
1831 2897 2074 2992 habebamur.

729 2994 842 3071 docet
863 2994 1091 3094 experientia.
1144 2992 1214 3070 Sed
1235 3017 1281 3069 ex
1304 2993 1523 3093 simplicibus
1543 3014 1665 3067 rerum
1692 2992 1801 3079 ideis,
1826 2995 2002 3080 formare
2027 3028 2076 3082 nt·

729 3115 821 3170 xum
843 3103 964 3170 rerum
984 3091 1204 3178 suturarum,
1231 3095 1295 3193 qui
1310 3114 1424 3168 nexus
1442 3092 1615 3191 pendeta
1637 3090 1721 3167 serie
1741 3091 1950 3177 caussarum
1972 3106 2077 3208 impu.

729 3192 911 3275 netrabili‚
939 3190 976 3265 id
998 3190 1165 3267 humanae
1191 3195 1304 3268 menti
1329 3192 1470 3292 prorsus
1491 3191 1650 3279 ἆιίφιιιοι
1674 3190 1732 3267 est

779 3290 830 3368 Χ.
859 3289 914 3367 Ad
938 3293 1118 3366 Secundum
1137 3290 1363 3391 respondeo,
1390 3287 1690 3367 evidentillimum
1712 3286 1781 3368 elle
1807 3293 2016 3396 discrimen
2032 3306 2078 3380 in.

729 3404 783 3468 ter
810 3392 1075 3489 praeteritorum
1108 3388 1388 3477 divinationem,
1416 3390 1453 3465 &
1487 3393 1710 3467 memoriam.
1761 3393 1958 3477 Memoria
1992 3406 2078 3480 enini

728 3512 858 3570 eorum
883 3488 933 3564 est
953 3511 1033 3589 quae
1054 3503 1155 3564 antea
1178 3491 1324 3589 cognita
1354 3489 1632 3566 nobissuerunt.
1684 3489 1873 3570 Divinatio
1901 3500 1962 3576 est
1983 3506 2078 3604 igno·

728 3607 862 3671 torum.
874 3587 931 3665 Ne
958 3612 1003 3666 ue
1016 3587 1093 3665 liaec
1104 3586 1216 3688 gradu
1229 3590 1345 3665 solum
1360 3590 1493 3691 aliquo,
1506 3588 1563 3664 [εά
1578 3602 1654 3665 tota
1669 3591 1688 3663 [
1708 3593 1783 3667 ecie
1796 3591 2077 3697 distinguuntur.

777 3688 853 3767 ΧΙ.
891 3614 957 3766 llill
985 3696 1136 3763 Tertium.
1188 3687 1316 3765 Nolim
1338 3712 1474 3788 negare
1503 3686 1626 3785 saepius
1661 3614 1729 3765 elle
1756 3690 1919 3783 fanum,
1951 3702 2076 3805 utqui

636 3873 645 3890 ,
728 3790 840 3867 morti
865 3789 974 3866 vicini
994 3798 1095 3863 erant
1114 3789 1295 3863 vaticinati
1312 3787 1468 3880 suerint3
1496 3800 1665 3864 caeteruni
1682 3788 1719 3864 id
1745 3813 1822 3867 non
1842 3816 1892 3871 ex
1928 3822 1981 3877 eo
2001 3822 2077 3901 pro·

728 3889 844 3974 cedit,
868 3886 969 3989 quod
984 3885 1130 3962 facultas
1154 3898 1256 3963 antea
1274 3889 1312 3961 in
1333 3888 1450 3963 anima
1472 3886 1586 3962 latens
1607 3898 1696 3963 tune
1718 3888 1869 3968 demum
1886 3898 1991 3976 vires
2011 3899 2076 3977 sun

728 3989 885 4066 exserere
906 3987 1076 4086 incipiat,
1101 3984 1160 4061 [εά
1183 3986 1286 4087 quod
1311 3988 1430 4064 anima
1457 3998 1544 4063 tunc
1567 3988 1730 4086 corporis
1754 3991 1909 4068 vinculis
1943 3996 2076 4076 solvere

727 4088 761 4165 se
781 4088 982 4188 incipiens,
1009 4106 1051 4162 ac
1072 4087 1232 4163 numinis
1252 4087 1507 4163 communioni
1528 4088 1701 4185 propior,
1726 4089 1839 4192 magis
1861 4114 1987 4195 capax
2007 4093 2076 4175 effi.

727 4191 839 4266 ciatur
872 4208 1002 4264 eorum
1032 4206 1139 4284 quae·
1167 4208 1239 4263 urae
1262 4189 1377 4263 menti
1400 4188 1624 4263 conveniunt
1646 4210 1659 4276 ;
1684 4189 1724 4261 in
1751 4188 1882 4289 quibus
1926 4196 1982 4274 est
2013 4200 2076 4274 im.

726 4287 917 4363 mediatius
948 4281 1040 4364 affici
1067 4307 1119 4384 po
1146 4309 1166 4361 e
1190 4310 1210 4362 a
1239 4285 1386 4364 Deo&
1412 4285 1679 4384 intelligentiis,
1704 4310 1919 4392 novamque
1948 4319 2074 4375 cortun

727 4407 879 4464 munere
904 4408 952 4463 co
1006 4385 1125 4462 itionis
1149 4384 1273 4463 lucem
1295 4387 1466 4500 accipere.
1534 4478 1537 4487 Δ

779 4481 878 4563 xit.
902 4410 1166 4587 Adgnogamir.
1213 4482 1385 4565 Dubitari
1415 4483 1549 4562 merito
1577 4481 1717 4586 pollet,
1741 4508 1788 4566 an
1815 4490 2075 4673 napiditasigp
