4909 5425
925 509 1432 607 nantario,
1520 487 1523 492 ’

350 682 477 743 rx111.
566 648 729 739 XXIII.
758 651 916 744 Eadem
952 652 1234 761 Diffrrtarione,
1265 654 1305 765 d,
1323 682 1451 742 xxvi.
1469 652 1651 739 verbulo
1680 650 1841 738 monui

350 757 503 859 ’ΨΜ-
513 791 674 851 cornua
696 768 835 851 altaris
857 766 1067 877 refugium
1082 762 1197 851 fuiffe
1215 766 1554 852 criminosorum.
1613 774 1670 852 At
1686 767 1841 878 postu-

350 860 573 999 issiiissflar
601 890 649 964 ea
666 909 728 964 res
747 880 986 965 uberiorem
1009 880 1353 991 explicationem.
1408 882 1473 965 Ad
1496 884 1623 964 altare
1640 873 1840 990 refugilIe

350 999 502 1098 turraesti·
513 995 588 1103 qui
606 995 678 1077 libi
699 990 915 1106 aprivatis
937 995 1004 1076 vel
1020 992 1194 1104 publico
1212 991 1458 1077 metuebant
1477 994 1664 1101 judicio,
1697 993 1841 1076 mani-

350 1095 433 1149 Μ·
509 1106 660 1191 festum
678 1105 803 1190 estex
821 1108 1057 1199 Exodxxn
1084 1133 1146 1211 14.
1178 1106 1262 1188 Ubi
1280 1108 1333 1220 de
1350 1106 1582 1191 voluntarii
1602 1105 1839 1190 homicidii

366 1292 376 1307 .
425 1244 426 1249 ’
510 1246 588 1305 reo
611 1219 867 1321 dicitDeuS‚
896 1213 941 1296 ab
954 1221 1068 1298 altari
1081 1245 1156 1297 meo
1182 1225 1299 1328 rapite
1330 1249 1411 1297 eum
1430 1220 1483 1297 ad
1505 1242 1664 1299 mortem.
1724 1224 1843 1303 Cor.

455 1424 458 1429 ,
511 1361 598 1417 nua
617 1331 755 1416 altaris
776 1358 800 1415 a
818 1328 1018 1415 lImilibus
1033 1332 1293 1441 apprehensa
1313 1329 1457 1436 inille,
1498 1330 1672 1417 testatur
1700 1331 1843 1417 histo-

512 1446 574 1530 ria
588 1444 765 1530 Adoniae
782 1444 823 1528 ὅτ
840 1442 970 1567 Joabi
1004 1447 1145 1555 1.Reg.
1162 1469 1195 1527 1.
1209 1469 1275 1545 50,
1304 1444 1345 1530 bc
1368 1471 1430 1531 11.
1446 1461 1511 1540 28.
1542 1446 1677 1554 Magis
1687 1464 1841 1532 tamen

511 1559 555 1643 id
575 1559 730 1642 facium
750 1554 828 1640 elie
850 1583 901 1663 ex
928 1555 1121 1668 gentium
1143 1581 1297 1653 more,
1326 1581 1456 1667 quarn
1476 1556 1580 1668 legis
1603 1557 1842 1665 instituto,

440 1716 447 1723 -
511 1671 706 1756 observat
731 1667 902 1755 Illustris
932 1669 1090 1750 Grotius.
1148 1671 1200 1753 Et
1221 1671 1341 1756 sane,
1376 1672 1496 1780 quod
1529 1669 1688 1766 sciam,
1719 1657 1841 1759 milla

378 1778 381 1784 ’
511 1785 598 1868 Lex
618 1779 781 1867 Divina
801 1781 962 1885 exstat,
1002 1807 1089 1892 qua
1109 1784 1239 1866 altare
1255 1783 1413 1894 asylum
1438 1785 1530 1865 fore
1557 1783 1753 1869 sciscitor.
1788 1787 1839 1871 ld

511 1919 647 1980 unum
673 1922 725 1977 ex
756 1895 922 1979 laudata
947 1895 1085 1980 modo
1117 1897 1208 2003 lege
1239 1920 1329 1985 non
1361 1892 1506 2006 inepte
1535 1897 1711 1981 elicient
1740 1901 1838 1984 He-

511 2008 725 2094 braeorum
743 2005 958 2119 Magistri,
987 2005 1250 2099 homicidam
1271 2034 1322 2091 ex
1342 2034 1484 2091 errore
1503 2010 1555 2091 ad
1570 2012 1697 2094 altare
1716 2016 1829 2095 sere.

512 2119 742 2232 'cipientem
761 2147 812 2204 ne
846 2146 899 2205 ue
913 2116 974 2203 ibi
989 2120 1299 2222 occidendum,
1336 2135 1479 2229 neque·
1491 2120 1590 2204 inde
1609 2126 1661 2206 ad
1679 2152 1835 2212 necem

511 2233 768 2320 trahendum
785 2146 873 2318 eIIe.
928 2235 987 2316 At
1005 2259 1145 2343 opere
1155 2232 1341 2346 pretium
1355 2232 1414 2318 est
1426 2237 1681 2342 cognoscere
1697 2262 1837 2348 quam

511 2347 634 2432 ardiis
650 2345 854 2432 limitibus
872 2343 1012 2431 altaris
1039 2346 1357 2429 immunitatem
1388 2348 1733 2434 circumscribant
1749 2353 1841 2436 He-

503 2456 643 2571 braici
662 2458 762 2570 juris
777 2457 971 2544 consulti.
1023 2456 1172 2544 Varias
1191 2457 1264 2539 libi
1281 2459 1837 2571 formaruntexceptiones,

506 2596 695 2686 vquarum
715 2571 803 2657 aliae
812 2596 934 2684 partes
947 2570 1072 2649 altaris
1087 2586 1379 2675 concernunt,
1394 2570 1484 2656 aliae
1487 2576 1646 2684 personas
1657 2603 1712 2661 eo
1725 2602 1845 2662 con·

511 2685 751 2799 fugientes,
780 2683 869 2771 aliae
884 2684 1096 2793 fhcinorum
1116 2680 1395 2794 qualitatem,
1440 2687 1529 2772 aliae
1556 2687 1738 2799 denique
1753 2721 1837 2773 mo.

510 2829 591 2881 ram
609 2800 661 2884 ad
681 2801 824 2906 altare.
880 2798 983 2880 Non
1015 2796 1230 2906 integrum
1248 2799 1400 2893 altare,
1445 2825 1534 2882 non
1553 2804 1707 2893 latera,
1736 2831 1836 2891 non

510 2917 695 3015 cornua,
725 2912 881 2996 nedum
897 2908 1039 2995 altaris
1056 2908 1290 3013 uiciniam,
1318 2901 1537 2996 sedsolum
1559 2919 1710 3004 tellum,
1743 2918 1838 3005 five

511 3024 706 3135 corporis
740 3023 878 3110 altaris
905 3041 1068 3136 partem
1103 3022 1390 3134 superiorem,
1438 3026 1629 3138 confugii
1649 3034 1837 3131 tutelam

510 3131 740 3247 praestirille
763 3139 895 3250 ajunt.
952 3136 1086 3244 idque
1113 3162 1202 3219 non
1230 3136 1490 3247 quibuslibet
1512 3140 1728 3252 personis,
1760 3146 1837 3231 sed

510 3248 608 3334 solis
615 3248 892 3353 fircerdotr'bm,
921 3273 1061 3360 neque
1092 3246 1144 3332 iis
1168 3248 1399 3356 omnibus,
1430 3253 1498 3337 sed
1527 3252 1734 3339 duntaxat
1769 3261 1836 3345 sa·

363 3365 367 3435 ἶ
510 3363 675 3450 cerdoti
698 3362 741 3447 in
760 3362 853 3476 ipso
870 3360 1009 3449 altaris
1031 3363 1144 3447 tedio
1155 3364 1271 3469 sacra
1286 3372 1456 3477 operanti.
1522 3366 1646 3452 Circa
1664 3368 1832 3454 facino·

507 3502 606 3561 rum
624 3474 871 3589 qualitatem
894 3494 1092 3567 monent,
1122 3504 1170 3560 ea
1190 3476 1285 3588 quae
1304 3479 1356 3561 de
1379 3475 1498 3561 altari
1527 3480 1747 3565 didiasunt
1771 3485 1833 3569 ad

351 3607 356 3614 '
506 3593 791 3678 inlectantum
811 3588 1052 3675 homicidas
1081 3590 1290 3701 spoliare,
1334 3588 1492 3700 quibus
1522 3587 1619 3676 aliis
1637 3599 1759 3679 urbes
1779 3596 1831 3684 in

505 3704 630 3817 Asyla
648 3701 857 3814 affignatae
886 3706 1061 3789 tutelam
1085 3699 1331 3815 praestiturae
1353 3720 1484 3787 erant.
1541 3707 1833 3818 Deniquene-

506 3835 613 3950 gant
628 3816 666 3902 ei
687 3816 763 3927 qui
785 3817 837 3901 ad
853 3820 982 3904 altare
1001 3816 1255 3924 confugerat
1271 3823 1406 3895 morari
1432 3815 1495 3899 ibi
1524 3813 1680 3904 licuilie
1702 3880 1715 3924 ‚
1756 3824 1830 3909 sed

357 3929 398 4026 ’ζ
504 3934 606 4018 inde
635 3930 860 4017 deductum
898 3932 943 4017 in
974 3929 1170 4013 idoneam
1194 3922 1270 4037 ipfl
1299 3928 1451 4041 refugii
1477 3933 1640 4019 urbem.
1709 3934 1831 4020 Vide

506 4044 938 4152 Seld.deJur.Nat.&
966 4041 1076 4124 Geni.
1103 4035 1189 4124 Lib.
1220 4066 1282 4125 lv.
1325 4040 1412 4156 Cap.
1436 4071 1497 4135 11.
1525 4044 1712 4159 ubiquae
1734 4048 1839 4137 dixi-

503 4162 653 4245 cundia
667 4161 949 4245 Hebraeorum
964 4152 1219 4239 testimoniis
1236 4156 1552 4251 confirmantur,
1610 4159 1829 4271 Equidem

505 4271 708 4360 minutias
736 4272 831 4358 istas
853 4266 951 4377 juris
972 4265 1172 4351 Hebraici
1194 4271 1301 4353 haut
1315 4268 1463 4379 magni
1485 4270 1629 4368 facio,‘
1668 4275 1838 4385 Quen-⁴

491 4380 742 4503 'doqujglem
761 4382 1000 4468 veronulla
1023 4383 1116 4494 lege
1136 4381 1298 4502 puina
1311 4380 1554 4471 facInorofis
1570 4403 1743 4473 cautum
1763 4389 1830 4477 est

1768 4503 1826 4588 de
