4909 5425
798 492 1036 573 Anomnurr
1062 518 1135 573 rao
1160 515 1269 573 rnnsu
1294 492 1546 575 Prorunrrco·
1790 516 1859 596 Μ

530 616 687 693 Domini
703 621 872 721 gloriam,
889 621 1029 693 &velut
1038 620 1168 721 infigne
1176 622 1250 715 ejus
1261 623 1391 717 exponi
1401 672 1413 707 ,
1436 620 1707 718 quuminmedio
1719 626 1866 697 candela·

531 716 1164 797 brormureorumambalaredicitur.
1217 722 1314 809 Qrid
1328 723 1469 794 autem?
1488 746 1531 793 an
1549 721 1628 793 solis
1643 721 1730 796 Afiae
1750 726 1868 797 Eccle-

531 816 741 910 srissavore,
754 824 882 922 Spiritu
894 821 1081 908 ,dtauxilio
1093 820 1155 893 suo
1164 822 1287 920 praello
1297 820 1341 891 est
1351 823 1366 894 i
1377 822 1415 894 N
1417 820 1684 893 onneomnibus
1696 822 1762 895 suis
1774 823 1871 897 idem

533 922 787 1021 ellpollicitus,
805 921 847 996 ad
856 920 1198 997 consummationem
1208 921 1314 1018 usque
1326 920 1454 995 seculi?
1482 924 1552 995 Cur
1562 948 1644 1021 ergo
1658 949 1676 995 a
1690 921 1819 1019 septem
1832 923 1872 996 il-

532 1024 576 1097 lis
591 1022 823 1098 solummodo
841 1020 999 1097 Ecclesria
1016 1020 1048 1093 se
1065 1020 1333 1095 denominatum
1350 1020 1535 1095 voluisset?
1561 1024 1647 1095 Non
1656 1024 1700 1094 est
1714 1021 1768 1109 id,
1796 1048 1874 1095 non

527 1124 582 1195 ell
592 1147 661 1220 pro
669 1126 755 1197 tanti
765 1126 870 1225 Regis
884 1124 1059 1223 dignitate.
1115 1124 1211 1195 Sicut
1226 1121 1431 1195 indecorum
1445 1121 1523 1193 esl'et
1539 1124 1641 1197 trium
1649 1124 1871 1223 Regnorum,

534 1224 570 1297 dt
582 1225 664 1323 plue
678 1248 784 1321 quam
794 1246 936 1299 centum
945 1224 1123 1297 ditionum
1134 1224 1322 1309 Domino,
1349 1222 1480 1319 septem
1495 1220 1660 1327 duntaxat
1673 1224 1872 1297 Provincia-

531 1348 618 1399 rum
632 1324 691 1397 vel
705 1324 849 1399 urbium
863 1326 1009 1399 nomina
1023 1320 1211 1420 infignibus
1224 1322 1290 1397 suis
1311 1320 1514 1408 inscribere,
1531 1321 1632 1418 seque
1644 1321 1689 1395 ab
1706 1324 1745 1395 iis
1764 1323 1871 1397 deno-

529 1424 690 1507 minarer
709 1426 757 1499 ita
771 1428 880 1501 dehic.
929 1421 1239 1520 Quidquodavrr
1258 1421 1586 1520 EcclesrisSpiritusi
1614 1425 1644 1496 se
1662 1423 1871 1515 sanctussep-

530 1526 651 1623 replear
659 1524 818 1619 dicatu12
842 1528 932 1601 Non
943 1526 1021 1599 sane
1036 1524 1258 1622 propterillas
1270 1521 1355 1597 Asiae
1368 1521 1543 1597 Ecclefias.
1587 1450 1688 1597 itam
1704 1522 1729 1596 fi
1751 1520 1869 1597 sortas-

525 1622 733 1727 sreP-hilippi
744 1648 804 1702 aut
815 1625 973 1703 Coloslus
984 1643 1220 1699 annumeratae
1234 1627 1273 1697 iis
1289 1620 1440 1711 suillent,
1456 1650 1498 1695 an
1511 1642 1585 1694 tum
1602 1624 1664 1696 odo
1678 1625 1734 1697 vel
1754 1650 1866 1701 novem

520 1730 663 1821 spiritus
677 1728 855 1823 Johannes
886 1722 1132 1799 memorasset?
1158 1727 1372 1799 contrarium
1390 1723 1459 1820 ipse
1480 1724 1570 1796 sacer
1588 1742 1701 1797 textus
1724 1722 1828 1798 docet
1847 1777 1862 1813 ,
1938 1750 1941 1757 ·

526 1832 647 1929 Apoc.
654 1854 690 1905 v.
708 1838 742 1901 6.
758 1830 926 1902 nimirum
939 1829 1004 1899 hos
1017 1823 1079 1897 esl'e
1086 1825 1205 1921 septem
1211 1828 1348 1925 spiritus
1368 1830 1425 1924 qui
1441 1824 1534 1914 emiffi
1541 1822 1618 1913 sum
1630 1829 1667 1898 iu
1683 1826 1864 1914 universam

526 1946 674 2015 unm,
689 1929 792 2027 idque
799 1928 869 2003 line
884 1926 995 2002 dubio
1007 1924 1174 1999 omnibus
1185 1925 1450 2027 temporibusac
1461 1924 1588 1998 seculis.
1642 1930 1734 2017 Qrac
1744 1928 1865 1998 omnia

528 2028 610 2105 satis
629 2028 865 2129 comprobant
872 2061 883 2113 ;
902 2026 1073 2129 augustius
1093 2028 1234 2124 aliquod
1248 2027 1450 2121 mysterium
1461 2075 1472 2112 ,
1494 2027 1525 2099 δι
1546 2022 1644 2123 quod
1664 2027 1753 2099 intra
1774 2022 1863 2099 Asiae

527 2126 700 2207 Ecclesiae
713 2131 914 2205 ardlerinon
929 2126 1071 2217 debeat,
1087 2126 1354 2203 emblematibus
1362 2126 1426 2199 illis
1438 2123 1576 2198 subesse.

834 2304 1245 2404 rroounuruu
1276 2307 1572 2419 Quuruu.

630 2498 768 2577 XXVI·
796 2507 932 2599 Qinto.
958 2502 1057 2579 Idem
1072 2528 1114 2576 ex
1128 2498 1297 2576 similibus
1315 2499 1492 2601 phrasibus
1501 2524 1541 2573 ac
1564 2492 1770 2571 testimoniis
1787 2495 1856 2569 hoc
1871 2498 1981 2593 xxvl.
2002 2502 2049 2560 nn

522 2604 644 2685 m0d0
666 2602 780 2680 inserti
800 2604 896 2705 polle
912 2604 1062 2682 videtur.
1114 2606 1217 2678 Prov.
1244 2628 1297 2680 rx.
1314 2628 1344 2677 1.
1359 2604 1484 2677 dicitur
1508 2598 1617 2700 nlqplj
1650 2600 1853 2689 sapientias,
1870 2582 2018 2643 ΨΜ

522 2710 707 2812 (mesta
731 2705 828 2800 juxta
850 2708 1082 2784 Hebraeorum
1108 2705 1262 2798 stylum,
1285 2702 1460 2779 summam
1482 2702 1703 2801 sapientiam,
1727 2656 2035 2802 Filiumszssffh·

523 2815 626 2904 Del»
643 2811 734 2910 >fili
743 2807 904 2908 aedlfifflss‘
913 2810 1061 2895 dmum,
1077 2829 1178 2904 atque
1193 2809 1228 2878 in
1249 2808 1410 2899 easeptenr
1423 2804 1500 2895 suas
1520 2806 1679 2877 columnas
1698 2799 1850 2891 incidrffe.
1870 2841 1940 2881 m„
1954 2861 1964 2890 ,
1979 2815 2048 2900 sq,

523 2911 635 2994 Z²Cll
651 2927 731 2990 11'1.
748 2933 783 3000 9·
795 2911 884 2987 hisce
897 2905 1412 3007 verbispromisliodeadventu
1424 2900 1752 2998 Christiexpouitur:
1769 2904 1852 2974 Ecce
1869 2911 1929 2960 tem
1941 2899 2038 2986 autu,

521 3017 609 3114 lapis
620 3039 714 3120 quem
727 3011 877 3090 collocavi
886 3039 989 3088 coram
995 3011 1083 3106 facie
1096 3008 1269 3102 ydolum·
1285 3012 1320 3081 in
1334 3029 1434 3080 mmm
1453 2997 1852 3096 l‘lisdemss‘ll‘lblms‘s·
1868 2975 2046 3120 mim

521 3117 703 3196 temoruli.
753 3111 1284 3218 SiodaEzechielimonslratum,
1302 3110 1385 3205 Cap.
1401 3133 1456 3185 xn.
1471 3116 1530 3183 26.
1546 3101 1588 3175 ad
1601 3098 1745 3200 fingulas
1765 3118 1852 3172 tem·
1864 3074 2020 3220 grume

522 3201 1384 3340 pliportasadscendendumelleperftptemgradnr.
1428 3201 1999 3301 'Quidillaeseptemcolurna'insertur

522 3325 573 3400 nd
586 3313 751 3398 rodomo
771 3311 1038 3415 Clrrillipossunt
1055 3307 1302 3412 praefigurasse,
1324 3333 1430 3405 quam
1449 3304 1619 3379 Christum
1644 3303 1680 3374 in
1702 3299 1850 3374 totidem
1860 3299 1971 3384 septem
1986 3301 2043 3363 Ec·

522 3418 1037 3503 adversitatibusostensurum,
1059 3412 1090 3483 se
1098 3406 1280 3485 Ecclesiam
1291 3407 1391 3481 Novi
1414 3406 1622 3481 Teslamenti
1641 3401 1850 3517 sustentare?
1868 3377 2023 3521 fssfidzffic

525 3521 628 3620 Q'aid
626 3523 753 3622 sepem
764 3519 813 3592 illi
823 3523 905 3594 oculi
913 3531 1118 3594 contuentes
1126 3510 1300 3610 lapidem,
1317 3532 1422 3605 quam
1444 3505 1588 3578 eandem
1602 3500 1786 3577 Ecclesiam
1804 3521 1851 3618 rra
1866 3559 1976 3620 quoque
1988 3538 2029 3617 fi„

522 3627 565 3704 in'
581 3625 752 3700 Christum
761 3673 773 3710 ,
788 3621 989 3714 probarum
1007 3625 1080 3694 Deo
1094 3614 1252 3704 lapidem,
1278 3616 1403 3707 Rupern
1417 3608 1533 3699 firlutie
1546 3659 1556 3687 ,
1571 3604 1695 3678 oculos
1716 3601 1794 3675 suos
1816 3628 1851 3673 m
1863 3621 1984 3702 gurm,

523 3723 662 3826 septem
675 3723 835 3798 distinctis
842 3721 999 3824 angustiis
1014 3714 1231 3793 defixuram?
1259 3709 1476 3804 Qpidseptm
1489 3708 1537 3778 illi
1548 3706 1669 3803 gradus
1678 3701 1721 3774 ad
1735 3722 1854 3801 portas

523 3815 693 3930 Templi,
715 3847 823 3925 quam
842 3821 974 3922 septem
994 3814 1157 3920 periodos
1178 3809 1414 3886 afflictionum
1434 3806 1496 3880 esse
1512 3802 1735 3904 superandas,
1762 3821 1855 3874 ante-

525 3937 640 4046 ‹p'uam
647 3914 1199 4028 TemplumDominigloriosum
1213 3907 1500 4011 conspiceretur?
1526 3904 1636 4000 Quod
1655 3903 1855 4017 veroDeur

523 4027 683 4106 voluerit
690 4051 756 4102 nos
770 4023 859 4102 hisce
873 4021 1051 4123 diligenter
1065 4013 1236 4091 attendere
1249 4051 1262 4100 ·,
1285 4037 1398 4108 neque
1420 4033 1503 4085 cum
1518 4004 1700 4123 supercilio
1718 4000 1853 4116 drcere,

523 4125 592 4206 effi
608 4149 798 4206 numerum
815 4145 952 4199 certum
974 4149 1041 4222 pro
1059 4121 1214 4202 incerto,
1232 4112 1308 4187 satis
1327 4111 1493 4212 superque
1512 4125 1624 4206 arguit
1645 4101 1854 4180 creberrlma

524 4230 684 4330 ejusdem
702 4231 838 4304 numeri
853 4227 1059 4304 inculcatio,
1076 4245 1157 4319 quae
1167 4214 1331 4308 mysterio
1356 4211 1501 4311 proinde
1522 4233 1637 4324 carere
1643 4229 1716 4278 non
1731 4200 1853 4301 potest.

527 4341 659 4428 Qrum
676 4327 894 4432 itaqueidem
913 4323 1120 4424 septenarius
1142 4341 1307 4392 numerus
1320 4314 1375 4390 hic
1398 4337 1540 4413 quoque
1555 4309 1760 4406 replicetur,
1787 4323 1856 4398 qua
1950 4377 1955 4386 ¹

526 4429 909 4602 spepieuegariporell,
928 4413 1623 4603 smtmssccppliloudpquibushicagiw,
1641 4399 1704 4478 else
1716 4398 1861 4575 Efdss
1902 4545 1947 4568 ‚..
1970 4476 1981 4556 ,Ι
2028 4539 2040 4576 ·.
