4909 5425
913 497 981 572 Da
1012 496 1321 571 Pnrvmsorrs
1352 494 1521 570 Mosrs.
1674 478 1690 499 ‘
1854 520 1902 587 μ

546 633 613 725 Ego
623 623 697 718 firm
717 618 860 716 Jelsoua,
904 630 940 697 ui
955 620 1052 694 eduxi
1066 632 1098 692 tt
1118 649 1156 693 ex
1179 629 1227 694 Ur
1243 622 1467 697 chaldeorum.
1493 620 1585 704 Gen.
1600 642 1662 704 xv.
1683 647 1717 724 7.
1745 624 1898 705 lterum·
2002 710 2006 717 ,

546 745 641 828 que,
669 749 717 819 ego
730 723 803 814 sum
820 648 937 801 'ruffin
960 728 1001 794 rt
1014 719 1167 813 schaddrr'
1190 719 1403 803 Genxvrr.
1423 749 1451 799 1.
1488 719 1625 808 lsaaco,
1644 735 1701 822 Ego
1714 732 1789 818 firm
1804 737 1895 803 Deus

545 822 726 902 Abraham·
745 826 847 913 patris
868 824 930 897 tui.
965 816 1060 896 Gen.
1073 840 1181 894 xxvi.
1197 842 1255 917 24
1305 819 1467 919 jacobo,
1494 829 1552 918 Ego
1568 824 1643 913 sum
1667 828 1789 920 Jeiova
1810 845 1893 903 ueur
1945 876 1953 889 ·

546 919 726 999 Abrabam
742 924 841 1012 panis
864 923 938 999 rui,
964 915 1005 1003 (ς
1028 925 1116 991 Deus
1140 912 1244 1010 lsrael.
1272 917 1362 996 Gen.
1379 941 1536 997 xxvrrr.
1557 944 1610 1014 13.
1659 922 1864 1026 ltenamque
1877 978 1891 1016 ,

596 1050 612 1095 o
625 1025 697 1115 sum
710 1027 798 1091 Deus
818 1015 952 1088 uertere
976 1013 1068 1092 Gen.
1082 1037 1217 1093 xxxrr.
1238 1039 1294 1110 13.
1345 1015 1477 1094 Eadem
1503 1019 1641 1095 ratione
1666 1044 1764 1098 nunc
1787 1046 1830 1099 ro
1856 1035 1893 1101 at

545 1034 682 1201 ffioses,
693 1130 734 1192 ut
746 1115 926 1192 indicetur
937 1111 1001 1188 sibi
1019 1113 1177 1189 notabile
1187 1113 1320 1214 aliquid
1340 1116 1510 1193 mittentis
1524 1139 1671 1205 nomen,
1684 1120 1787 1220 quod
1806 1048 1892 1197 ege·
2021 1151 2027 1165 ·

543 1242 588 1297 re
613 1215 768 1331 Israelitis
787 1209 913 1334 pollit,
939 1209 965 1287 si
987 1210 1136 1312 quidem
1159 1211 1248 1288 illud
1265 1238 1310 1292 ex
1334 1215 1368 1292 se
1394 1218 1601 1314 requirant,
1627 1242 1704 1296 nou
1725 1220 1890 1296 contenti

542 1315 1202 1509 apgglgltllffePesgisaglzzscssmzse
1220 1410 1321 1502 Moses
1339 1437 1400 1485 non
1419 1411 1592 1504 drffimular
1613 1416 1800 1492 tarditatem
1824 1421 1890 1493 Iin-
1904 1448 2013 1516 xum,

534 1542 614 1619 gua
623 1517 711 1607 sua,
736 1508 777 1599 &⁴
796 1510 1010 1600 officulrarem
1029 1512 1151 1608 eloquii.
1201 1509 1249 1585 At
1278 1529 1354 1582 non
1375 1507 1401 1585 sr
1421 1509 1548 1586 demus
1574 1514 1739 1591 oratione
1760 1538 1888 1616 parum
1905 1532 2067 1593 Tmarus.

543 1606 715 1695 valuisse.
739 1607 876 1685 idcirco
897 1607 1138 1685 maximarum
1159 1629 1279 1682 rerum
1308 1607 1420 1683 intelli
1447 1609 1541 1684 entia
1566 1608 1773 1689 destitutum
1790 1609 2073 1703 initiatorem

546 1709 789 1811 consequitur.
841 1704 929 1782 Non
948 1727 1078 1820 omnes
1099 1706 1161 1806 qui
1174 1704 1339 1804 sapientia
1359 1631 1520 1806 pulsent,
1545 1708 1742 1788 volubilem
1757 1713 1801 1790 ad
1818 1686 2065 1839 “ffifflssram

544 1809 677 1889 nulum
697 1809 788 1908 grati
809 1805 981 1881 sermonis
1002 1801 1132 1880 sonum
1153 1802 1313 1902 linguam
1334 1802 1476 1882 habent
1531 1815 1648 1908 Atqui,
1666 1810 1804 1911 inquit,
1819 1815 1885 1889 elo·
1900 1777 1993 1918 ,ἡ
2075 1810 2085 1826 ’

566 1916 674 1985 uenn'a
702 1914 737 1982 iu
759 1911 913 2001 precipuis
937 1906 1128 2001 sagittatoris
1157 1902 1281 1978 dotibus
1298 1906 1353 1996 est.
1401 1904 1525 1982 Minus
1546 1917 1643 1983 certe
1667 1931 1777 2008 quam
1823 1935 1886 1988 ru.

539 1936 688 2097 asotia,
713 2002 960 2081 &austeritas
988 2003 1026 2076 in
1053 2000 1292 2101 sapientia&
1319 2002 1507 2102 probitatis
1529 2005 1704 2105 opinione
1729 1933 1899 2088 fungaris
2044 2060 2055 2077 -

543 2105 709 2188 Multum
739 2100 880 2178 interest
905 2103 997 2176 inter
1018 2097 1277 2198 legislatorem
1292 2148 1303 2184 ,
1316 2100 1367 2175 ·&
1394 2101 1601 2182 Oratorem.
1650 2102 1697 2182 Et
1720 2129 1885 2206 quaenam

543 2204 694 2286 tandem
712 2224 754 2278 ea
777 2200 984 2300 eloquentia
1003 2197 1053 2273 est
1080 2219 1160 2296 quae
1183 2195 1405 2298 potissimum
1427 2202 1465 2275 in
1488 2199 1706 2300 Legislatore
1732 2209 1885 2308 requiri.

546 2304 633 2384 tur?
657 2298 852 2380 Enimvero
874 2319 953 2374 non
973 2308 1047 2372 tam
1068 2295 1201 2395 linguae
1221 2298 1471 2395 promritudo,
1498 2323 1607 2400 quam
1628 2299 1775 2379 facultas
1806 2308 1883 2381 ani·
1910 2362 1912 2367 ,

545 2405 600 2485 mi
618 2402 666 2478 sui
689 2400 896 2477 sententiam
923 2395 1043 2481 claris,
1068 2393 1262 2495 perspicuis
1284 2395 1492 2498 &propriis
1512 2399 1662 2475 vocibus
1693 2423 1883 2503 exponen·

543 2505 593 2584 di.
643 2497 733 2580 Eam
752 2511 872 2574 autem
890 2492 986 2574 Mon
1006 2515 1234 2596 nequaquam
1253 2491 1416 2581 desuilse,
1440 2497 1571 2597 probat
1587 2499 1720 2577 eximie
1741 2502 1882 2601 prolixa
1984 2558 1993 2576 .

543 2604 629 2689 illa,
656 2595 763 2676 &ad
788 2593 996 2672 docendum
1021 2594 1153 2693 pariter
1174 2610 1217 2669 ac
1239 2593 1529 2770 fsqergtlratdendum
1547 2594 1717 2772 aptilqursa
1739 2603 1883 2773 qratio,
1988 2684 1991 2689 ,

1286 2716 1304 2768 a
1341 2718 1352 2768 ι
1933 2737 1935 2741 ⁷

582 2822 676 2902 eque
693 2796 905 2896 imparatum
926 2816 1011 2868 eum
1045 2793 1080 2867 ui
1107 2814 1128 2867 e
1147 2792 1193 2868 ab
1221 2718 1466 2871 Oratoriagudz¹
1476 2718 1638 2872 Ιξὲἓῑιιὲξε
1653 2714 1883 2876 iloeribeugsltgs·

544 2923 617 3006 que
638 2894 879 2981 ornamentis,
903 2891 1075 2968 evincunt
1088 2889 1235 2969 Cantica
1249 2889 1329 2977 illa,
1355 2890 1633 2969 affetiuosrffimo
1652 2894 1814 2971 sermone
1828 2908 1883 2972 at-

545 3021 619 3104 que
642 2988 900 3096 elegantissimis
929 2990 1047 3066 verbis
1073 2986 1284 3090 composita.
1335 2987 1509 3067 Desinant
1532 3013 1620 3089 ergo
1642 2991 1881 3072 Mosaicarum

542 3094 694 3179 laudum
717 3090 856 3176 aemuli,
883 3091 1119 3189 excorporis
1138 3091 1251 3174 vitio,
1278 3088 1381 3203 quod
1404 3089 1475 3190 ipse
1497 3090 1668 3189 agnovit,
1694 3094 1806 3170 animi
1828 3092 1879 3169 sa·

541 3195 694 3279 cultatm
717 3190 887 3268 detritum
907 3200 1014 3289 atque
1036 3188 1271 3264 imminutum
1295 3211 1353 3264 ne.

591 3290 714 3374 XIX.
740 3291 789 3369 At
806 3311 853 3364 ne
876 3287 937 3364 hic
955 3285 1104 3385 quidem
1125 3284 1205 3362 finis
1228 3285 1287 3362 eil.
1337 3286 1525 3375 Rhenus,
1551 3289 1589 3364 in

543 2726 617 2884 qua
644 2701 684 2777 in
711 2693 1006 2776 Deuteronomio
1030 2690 1216 2867 Fofffflum

543 3417 622 3473 Tou
644 3394 691 3467 ide
711 3416 774 3465 non
805 3384 1078 3462 animadvertebat
1097 3389 1133 3479 se
1156 3387 1260 3478 fialam
1285 3403 1382 3461 tanta
1407 3411 1514 3462 rerum
1542 3288 1878 3491 οηοῗὶυέξνῖρξγὲιῗεξΐῇῖ
1891 3305 2043 3466 mergi:

540 3492 634 3572 Non
654 3501 746 3590 puto
767 3508 835 3563 me·
847 3484 938 3561 rede
956 3481 1128 3559 fatlurum
1151 3484 1216 3560 nisi
1241 3484 1460 3561 succenseam
1480 3484 1567 3563 huic
1584 3486 1771 3565 scommati
1794 3497 1875 3565 Ma.
1891 3463 2031 3542 ’ΜΨ

585 3597 598 3663 r·
623 3590 838 3672 saissonis,
861 3584 999 3660 ironice
1033 3582 1071 3658 in
1102 3580 1232 3661 Mosen
1271 3583 1410 3659 vibrato
1433 3607 1445 3674 ;
1472 3584 1574 3683 quod
1609 3599 1650 3661 ut
1686 3587 1875 3665 condonet
1887 3562 2030 3683 maai

585 3617 830 3770 eussromini,
856 3704 943 3759 cum
964 3679 1122 3758 ludibrio
1144 3681 1190 3757 de
1210 3694 1312 3759 tanto
1335 3680 1514 3780 Propheta
1536 3683 1573 3758 &
1593 3687 1712 3764 amico
1743 3686 1873 3763 summi
1888 3701 2002 3773 impert.

538 3786 706 3867 numinis
724 3782 912 3882 loquenti,
938 3802 985 3856 ex
1015 3782 1138 3857 animo
1164 3784 1175 3855 i
1203 3779 1278 3858 sum
1300 3802 1464 3857 veneror.
1515 3781 1619 3878 Quid
1638 3785 1784 3862 tandem
1809 3809 1871 3862 au·
1886 3779 2030 3868 rumrra.

539 3886 713 3966 diemus?
738 3878 877 3961 llludne
898 3878 1072 3980 sapientias
1092 3878 1202 3957 Mors
1228 3879 1427 3981 quidquam
1453 3878 1622 3981 derogat,
1673 3884 1749 3961 uod
1770 3854 1974 3960 totos'mr·

539 3987 617 4064 dies
641 3986 713 4083 juri
737 3978 901 4058 dicundo
922 3978 1124 4055 vacaverit?
1148 3978 1254 4057 Certe
1282 3980 1413 4054 nimius
1436 3978 1496 4057 hic
1521 3980 1623 4056 labor
1647 3908 1736 4068 sinit,
1763 4005 1874 4082 quam

540 4086 602 4163 cui
622 4083 715 4160 solus
737 4075 895 4159 sufficere
914 4074 1029 4179 polilt.
1081 4076 1220 4190 Athos
1240 4076 1460 4175 diligentiam
1482 4082 1615 4178 arguit,
1640 4083 1874 4181 animumque

540 4180 634 4261 nulli
658 4177 856 4258 difficultati
883 4175 1099 4254 cedentem:
1127 4174 1354 4252 stoliditatem
1375 4179 1611 4255 ruditatemve
1631 4181 1668 4255 in
1695 4179 1766 4253 enii
1794 4203 1873 4261 non

538 4279 668 4379 arguit.
719 4276 911 4357 Enimvero
931 4276 994 4378 qui
1018 4286 1078 4352 tot
1101 4273 1248 4362 litibus,
1275 4285 1350 4351 tam
1380 4274 1577 4354 inconditae
1610 4202 1872 4368 multitudinis,
2019 4323 2025 4332 ·

538 4374 752 4457 dirimendis
770 4371 983 4452 utilissimam
1004 4383 1193 4453 nataverat
1211 4394 1377 4475 operam,
1404 4398 1488 4451 eum
1507 4376 1594 4472 juris
1614 4375 1651 4451 dr
1671 4377 1764 4476 aequi
1804 4381 1874 4456 eri.

538 4474 713 4655 tiffimuaqn
732 4471 801 4658 effLe
822 4475 996 4580 oportuit
1046 4469 1179 4557 Suadet
1196 4470 1369 4649 equidqm
1387 4471 1514 4577 Jethro
1531 4485 1572 4551 ut
1591 4488 1753 4579 parceret
1771 4400 1873 4596 Ebu·

687 4601 746 4655 on.
1497 4633 1500 4639 ·
1841 4599 1874 4654 rr
