4909 5425
463 313 1642 477 Π

933 482 939 493 o

667 706 724 780 Dr
752 704 1026 779 Arosvocormt
1054 715 1094 771 nr
1124 712 1305 771 nocruno
1325 700 1577 777 lvrarrrnrrm.
1731 716 1790 793 aar

463 822 667 901 liffimulata
688 834 830 914 mente,
854 832 915 897 aut
935 822 1125 897 imminuta
1150 823 1185 894 vi
1206 828 1428 921 argumenti:
1448 844 1567 923 neque
1588 844 1635 899 eo
1653 818 1791 927 semper
1800 858 1955 943 noneno-

463 926 588 1000 ›rdine
620 944 728 1023 quem
760 919 822 996 fibi
853 918 985 999 Audor
1010 922 1141 1017 elegit3
1174 919 1231 994 sed
1264 920 1327 1019 qui
1355 919 1464 995 nobis
1494 918 1585 995 visus
1613 924 1683 1007 eit,
1709 947 1787 1003 non
1807 943 1956 1017 orsapa-

463 1022 496 1097 rd
521 1020 752 1097 refricandum
776 1018 983 1103 facillimus,
1009 1017 1068 1094 sed
1094 1032 1182 1092 rem'
1199 1018 1468 1118 percipiendam
1492 1016 1694 1119 aptillrmus.
1743 1020 1789 1101 Et
1807 1016 1911 1081 aare

463 1142 568 1205 unc,
594 1116 734 1195 favente
766 1114 875 1201 Deo,
900 1138 940 1191 ea
974 1138 1053 1215 quae
1084 1114 1132 1191 fic
1163 1114 1321 1215 exposita
1357 1115 1458 1201 sunt,
1486 1117 1700 1194 conabimur
1730 1118 1788 1195 di.

465 1240 578 1299 uere:
607 1215 792 1293 eomodo
822 1236 931 1315 quem
961 1214 1032 1313 ipse
1056 1212 1234 1289 sententiae
1259 1214 1363 1311 hujus
1393 1212 1513 1291 audior
1535 1216 1648 1313 petiit.
1698 1214 1788 1295 Non

463 1318 556 1390 enim
588 1314 907 1390 declamationibus
939 1333 980 1388 ac
1003 1310 1336 1387 rhetoricationibus
1372 1324 1472 1399 utar,
1497 1313 1628 1414 quibus
1660 1318 1787 1411 proeJu.

463 1413 550 1489 licia
578 1426 637 1488 aut
668 1413 867 1487 excitantur
894 1422 955 1485 aut
982 1408 1168 1494 foventur,
1196 1408 1232 1483 δι
1258 1408 1397 1485 affeiius
1419 1412 1557 1488 cientur
1582 1426 1708 1511 praeter
1733 1435 1788 1487 ra.

463 1514 624 1596 ionem,
649 1507 855 1608 animusque
887 1507 931 1583 ad
966 1509 1148 1583 veritatem
1184 1506 1448 1603 dijudicandum
1481 1512 1602 1585 minus
1635 1510 1787 1586 idoneus

463 1609 628 1684 redditur.
681 1606 767 1683 Non
794 1604 949 1704 gravabo
979 1606 1085 1681 etiam
1117 1604 1299 1681 adversarii
1332 1606 1543 1684 sententiam
1577 1606 1709 1685 odioiis
1740 1606 1790 1683 se·

463 1706 595 1808 quelis,
619 1702 729 1780 nisrfi
756 1724 835 1803 quae
865 1724 911 1779 ex
938 1705 987 1779 rei
1013 1700 1118 1801 ipsius
1144 1702 1266 1779 indole
1287 1700 1414 1803 sponte
1434 1702 1555 1781 fluant
1605 1706 1674 1785 Sed
1700 1706 1791 1783 retia

463 1800 583 1881 caullae
605 1826 723 1879 arcem
749 1801 934 1885 invadam,
957 1804 1033 1877 rem
1057 1822 1143 1876 cum
1166 1824 1224 1887 re,
1253 1812 1461 1901 argumenta
1487 1825 1572 1879 cum
1597 1826 1792 1901 argumen-

463 1905 503 1977 tis
540 1924 775 2002 componam.
826 1898 996 1998 Nihilque
1034 1896 1196 1974 consulto
1233 1896 1403 1975 lutatium
1440 1898 1660 2013 relinquam,
1686 1902 1790 2015 quod

463 2002 610 2097 alicujus
648 1999 692 2075 ad
725 1996 971 2073 controversrae
1004 1994 1340 2072 determinationem
1372 2010 1550 2072 momenti
1579 1994 1646 2073 elle
1670 2002 1792 2077 vrdea·

463 2114 529 2175 tur.
581 2095 621 2176 ld
654 2117 769 2171 unum
798 2115 883 2170 meo
918 2096 997 2191 jure
1026 2094 1159 2194 posco,
1184 2107 1225 2170 ut
1255 2095 1438 2171 veritatem
1467 2094 1642 2194 intrepide
1672 2095 1792 2175 dicere

463 2188 1012 2303 liceat;lirisqueress1ngulas
1043 2190 1221 2291 designare
1255 2192 1477 2272 nominibus.
1525 2193 1641 2287 Quod
1670 2206 1791 2271 tamen

464 2294 537 2371 line
568 2294 626 2370 sua
657 2289 874 2369 contumelia
908 2289 1036 2365 latium
1070 2288 1136 2365 Vir
1163 2288 1304 2366 Dodus
1336 2290 1520 2365 existimet.
1572 2289 1660 2367 Non
1692 2294 1792 2368 enim

465 2392 524 2469 hic
550 2394 665 2491 agitur
689 2390 733 2465 de
758 2390 913 2488 ingenii,
940 2386 1167 2471 eruditionis,
1194 2401 1255 2461 aut
1281 2386 1453 2461 facundiae
1472 2388 1610 2486 palma3
1638 2410 1792 2488 quarum

466 2513 535 2589 ego
567 2512 688 2567 rerum
722 2490 889 2563 omnium
918 2498 1033 2583 partes
1063 2488 1222 2583 potiores
1249 2480 1462 2561 Doiiilinno
1495 2486 1637 2564 Clerico
1663 2487 1790 2563 lubens

465 2592 605 2665 tribuo:
634 2587 692 2663 led
723 2586 768 2661 de
796 2584 1011 2663 Audoritate
1040 2580 1265 2682 apostolica.
1289 2582 1336 2659 de
1367 2584 1581 2659 certitudine
1609 2581 1793 2758 scriptura·

466 2708 569 2774 rum,
593 2698 700 2788 atque
737 2683 829 2760 adeo
868 2684 913 2758 de
946 2680 1180 2758 fundamento
1216 2683 1328 2759 totius
1361 2681 1544 2782 religionis
1577 2682 1675 2762 Chril
1694 2686 1790 2764 ianae.
1934 2738 1940 2749 -

466 2781 536 2862 Pro
563 2806 638 2886 quo
668 2783 757 2859 sarto
787 2781 880 2858 teilo
906 2779 1050 2860 conierv
1072 2779 1147 2856 ndo
1176 2783 1256 2882 quis
1285 2779 1473 2872 lincerius,
1498 2781 1643 2858 sandius
1672 2782 1710 2857 dc
1740 2780 1793 2860 le·

466 2881 566 2961 licius
598 2883 754 2965 laboret,
776 2878 882 2955 illene
913 2879 970 2955 sua
1002 2803 1199 2978 offinione,
1226 2903 1272 2956 an
1304 2901 1375 2977 ego
1408 2877 1568 2957 Ecclesiae
1597 2879 1792 2959 Catholicae

465 2981 672 3058 seutentiam
705 2977 921 3062 defendens,
947 2975 1082 3074 judicet
1102 2979 1199 3054 orbis
1229 2977 1467 3058 Christianus:
1497 2975 1670 3074 judicabit
1696 2989 1792 3053 certe

465 3083 561 3157 orbis
585 3075 735 3154 univerit
764 3076 961 3156 Dominus.

518 3179 581 3256 lX.
608 3177 767 3275 Aprimo
793 3171 987 3254 ordiamur.
1037 3173 1194 3273 Opinio,
1215 3175 1353 3446 inquit,
1377 3171 1627 3248 infallibilitatis
1650 3171 1793 3250 lundata
1814 3219 1870 3284 px·
1891 3221 1961 3288 Laa.

468 3279 518 3355 eli
545 3280 581 3352 in
607 3269 837 3376 promiffione
864 3270 990 3348 Christi
1021 3295 1099 3372 quae
1131 3273 1241 3348 exstat
1294 3273 1352 3346 oh.
1386 3291 1554 3366 xv1.13.
1588 3279 1718 3366 Spiritus
1746 3273 1794 3348 iile
1814 3311 1877 3364 rur.
1895 3321 1939 3362 ῃ,

467 3379 536 3450 dax
565 3383 624 3446 via
651 3375 735 3445 nobr'r
760 3379 820 3444 erit
843 3377 877 3443 in
902 3396 1023 3444 ornnem
1047 3379 1226 3458 veritatem,
1307 3393 1362 3445 uc.
1394 3391 1440 3448 xr
1450 3395 1477 3447 1.
1516 3395 1570 3450 11.
1603 3381 1710 3468 Qum
1734 3399 1793 3446 orr-
1813 3385 1905 3458 pianr
1927 3399 1947 3438 a

468 3495 531 3548 tarr
555 3473 746 3546 adduxerint
771 3495 826 3543 vor
850 3469 895 3542 ad
922 3477 1111 3566 magogas,
1139 3468 1179 3552 rh*
1203 3472 1394 3566 magistratus
1423 3497 1460 3544 aa
1480 3474 1652 3566 potestates,
1677 3497 1716 3546 ne
1731 3471 1796 3564 soi-
1816 3457 1956 3606 {iifflf

470 3571 549 3646 liciti
572 3573 658 3668 estare
682 3569 829 3668 quomodo
854 3585 912 3640 aut
938 3567 1017 3664 quid
1044 3587 1099 3656 pro
1126 3567 1290 3662 desenfione
1317 3569 1445 3642 adaturi
1457 3623 1467 3653 ‚
1493 3587 1552 3642 aut
1576 3569 1653 3671 qnid
1680 3571 1795 3646 diduri
1815 3550 1968 3670 &5:3¹⁸

463 3671 541 3754 fitis.
592 3675 726 3762 Spiritus
756 3673 837 3738 enim
864 3665 997 3740 sannas
1022 3663 1141 3738 docebit
1165 3691 1220 3738 vos
1243 3691 1275 3737 eo
1296 3685 1467 3750 momento,
1491 3695 1559 3766 qua
1586 3687 1721 3764 oporteat
1743 3671 1795 3744 di-
1816 3689 1938 3760 spiritur

465 3793 540 3846 cere.
590 3765 644 3844 Ex
675 3775 803 3838 neutro
837 3773 955 3837 autem
989 3761 1248 3861 lococprobari
1281 3759 1378 3860 polle
1412 3765 1620 3852 contendit,
1646 3770 1794 3862 Apnlolor
1816 3759 1973 3844 ditm

464 3865 627 3944 Emmamr
651 3865 744 3960 furffe
770 3881 914 3954 perpetua
945 3867 1081 3955 Spiritus
1113 3863 1221 3936 sanda·
1245 3861 1428 3954 prasentia,
1462 3871 1519 3964 qui
1547 3865 1712 3942 diiiaverit
1743 3867 1798 3960 ipfi

517 3966 625 4068 'dqrrid
647 3962 788 4036 dicebant
810 3969 844 4032 in
866 3967 981 4056 negotio
1013 3961 1188 4058 nigronis,
1204 3959 1302 4054 ficut
1326 3969 1429 4034 omnia
1447 3966 1577 4056 ipsoram
1597 3965 1691 4039 verba
1715 3991 1795 4038 con·

481 4069 596 4142 rderrri
626 4063 788 4134 debuerint
817 4059 918 4130 veluti
943 4061 1075 4133 oracula.
1126 4059 1353 4159 Apostremo
1380 4071 1499 4136 autern
1531 4061 1616 4136 loco
1646 4063 1794 4158 incipit:

466 4163 702 4258 observatque
736 4152 761 4233 l.
774 4153 865 4232 Eum
892 4175 968 4226 non
994 4155 1132 4231 firmare
1167 4159 1381 4255 opinionem
1406 4178 1662 4244 communem,
1683 4178 1798 4256 quum

471 4284 548 4340 uon
576 4273 699 4360 agatur
728 4253 777 4328 ibi
811 4253 856 4327 de
883 4265 1058 4424 perpetua
1093 4251 1297 4370 allrlientia3
1328 4253 1386 4330 sed
1416 4270 1515 4372 certo
1549 4257 1660 4366 solqm
1694 4253 1797 4342 calu,

469 4350 919 4550 itiitlttistt..
938 4349 1345 4528 ‘iiiiiilittlti
1360 4349 1797 4550 illstttll’slilll
1936 4504 1941 4512 .

465 4545 699 4634 idvoluiliet
715 4547 874 4626 Christus
900 4545 1000 4645 quod
1025 4571 1093 4624 nos
1119 4548 1310 4636 volumus,
1336 4571 1411 4626 non
1439 4544 1596 4624 vetuiliet
1624 4545 1795 4628 sollicitos

470 4651 542 4734 elle
563 4651 613 4732 de
638 4667 684 4724 eo
706 4646 808 4748 quod
830 4643 954 4722 diduri
978 4641 1045 4723 sint
1067 4669 1190 4726 coram
1223 4645 1475 4733 tribunalibus,
1501 4641 1547 4724 ed
1575 4643 1675 4748 quod
1707 4656 1795 4724 tunc

1227 4743 1281 4825 Ll
1305 4767 1329 4828 2
1751 4747 1795 4823 iis
