4909 5425
1024 428 1442 590 inuenire
1511 474 1522 527 '-
1592 490 1597 499 ·
1832 412 1834 417 Ι

554 653 1695 681 *“-*----“-
1699 662 1913 683 Μ

558 722 714 800 turbam
745 723 808 801 vix
833 715 1113 797 numerabilem
1140 716 1279 799 videor
1306 722 1403 800 inihi
1432 746 1587 803 eernere
1624 727 1722 806 inter
1753 726 1913 833 Belgas.

553 820 794 906 Germanos,
819 814 978 919 Gallos,
1006 819 1237 919 Hungaros,
1264 816 1458 907 Polonos,
1484 819 1688 913 Borullos,
1711 823 1913 904 Helvetios
1944 878 1948 885 ·

556 918 599 993 δι
624 913 771 1021 reliquo
800 910 896 993 orbe
914 910 1056 1019 divilbs
1073 936 1156 991 non
1180 934 1332 993 tantum
1348 916 1573 995 Britannos,
1601 914 1662 995 sed
1689 923 1729 998 ὃ(
1759 925 1911 1001 Ameri-

556 1034 693 1099 canos‚
721 1031 835 1117 atque
850 1005 965 1086 Indos
985 1033 996 1083 i
1025 1005 1094 1087 sos.
1144 1012 1236 1089 Non
1258 1010 1495 1089 mirabimini
1516 1012 1695 1113 perinde,
1723 1015 1831 1120 quod
1855 1020 1908 1096 vi·

553 1132 619 1187 ros
643 1107 784 1213 ubique
807 1105 957 1183 Dotlos
1044 1107 1128 1184 Pios
1153 1130 1234 1208 prae
1262 1106 1343 1188 aliis
1381 1104 1450 1186 sibi
1478 1107 1654 1188 habuerit
1674 1108 1902 1192 devinctissi-

553 1229 668 1292 mos3
702 1227 903 1307 quoscum
926 1224 1065 1278 omnes
1086 1204 1289 1281 nominare
1309 1230 1392 1284 non
1421 1200 1585 1308 pollini,
1621 1227 1746 1285 tacere
1773 1229 1903 1287 tamen

553 1324 709 1381 neoueo
731 1293 991 1381 venerandum
1012 1322 1159 1375 nomen
1176 1298 1373 1380 Guilielini
1394 1297 1568 1389 Seldeni,
1593 1301 1790 1415 Theologi
1809 1302 1906 1384 Enli·

548 1390 683 1476 busani
710 1391 895 1473 Delfensis
919 1396 959 1470 ὃ(
979 1390 1136 1471 tandem
1159 1398 1221 1471 Ha
1251 1395 1356 1474 iensis
1377 1422 1466 1477 vere
1489 1396 1650 1486 incluti,
1697 1425 1763 1504 qui
1813 1426 1904 1479 uam

552 1490 668 1569 suerit
695 1494 744 1602 in·
759 1493 844 1570 otio
867 1488 1087 1593 negotiosus
1106 1514 1154 1569 ex
1173 1489 1228 1598 do
1269 1488 1397 1601 illimis
1413 1494 1507 1602 ‚ejus
1520 1494 1722 1600 “Operibus
1740 1426 1902 1600 Belgicis

553 1593 596 1665 ὃ(
618 1590 762 1666 Latinis
783 1584 836 1665 est
856 1578 1122 1691 notissimum,
1148 1612 1329 1695 cuiusque
1351 1614 1421 1666 viri
1441 1586 1734 1680 coniunstill'imi
1752 1595 1900 1673 ineritis

550 1683 631 1764 hoe
652 1683 672 1762 ii
694 1683 914 1775 Trajeetinis
937 1678 1055 1761 tribui
1079 1678 1166 1759 feeit
1186 1683 1283 1762 olim
1307 1685 1563 1764 WlTSlUS
1585 1686 1737 1776 noster,
1765 1710 1807 1769 ut
1829 1686 1899 1791 ipsi

549 1804 631 1859 non
649 1782 801 1887 roganti
820 1779 995 1887 Titulum
1017 1776 1247 1893 Theologiae
1266 1780 1448 1859 Dotloris
1466 1782 1688 1862 tribuerent.
1715 1788 1805 1862 Non
1820 1787 1894 1863 ini-

547 1874 731 1957 rabimini
752 1875 940 1967 similiter,
996 1877 1077 1954 uod
1100 1878 1185 1956 Viri
1215 1877 1340 1982 plures
1360 1876 1527 1979 praeclari
1546 1877 1593 1957 ab
1614 1881 1625 1956 i
1655 1882 1694 1959 so
1713 1880 1897 1963 Dodoris

545 1970 721 2054 honores
742 1976 816 2083 reci
845 1897 1239 2085 credelideraverint‚
1267 1973 1470 2079 postquam
1492 1974 1604 2067 jaina
1651 1974 1898 2056 Ecclesiarum

547 2070 660 2150 usum
682 1999 938 2148 transiillcnti
967 2067 1019 2160 li,
1053 2089 1154 2148 inter
1181 2096 1280 2176 quos
1304 2095 1505 2149 numerare
1531 2070 1684 2161 debeo,
1712 2099 1792 2150 non
1813 2094 1896 2151 tan-

549 2186 637 2244 tum
665 2163 885 2266 Johannem
964 2166 1174 2256 amotum,
1218 2165 1388 2245 Ecclesia
1423 2165 1560 2245 nostrae
1586 2167 1799 2247 Gallo-Bel
1828 2171 1895 2248 ieae

548 2265 678 2345 Decus
696 2287 761 2341 ina
790 2290 909 2351 num,
943 2260 1071 2341 sed&
1097 2288 1233 2369 meum
1256 2263 1469 2369 Antonium
1489 2263 1747 2438 Klinplerum
1810 2290 1894 2371 igu-

546 2360 718 2441 rinarum
772 2356 989 2438 eclesiarum
1022 2354 1204 2437 famulus
1221 2379 1325 2437 retro
1354 2383 1458 2437 annis
1477 2362 1580 2439 Antii
1602 2363 1696 2439 item
1724 2364 1892 2442 Venera-

547 2452 680 2537 bilem.
730 2462 823 2535 Non
843 2452 1079 2536 mirabimini
1101 2452 1279 2546 tandein,
1305 2454 1353 2534 ab
1375 2454 1452 2532 boc
1471 2476 1580 2567 tanto
1603 2455 1813 2564 Theologo
1833 2483 1894 2538 re·

543 2550 674 2633 littam
691 2550 803 2632 nobis
822 2575 966 2632 tantam
985 2550 1059 2633 elle
1075 2550 1289 2633 Librorum
1314 2549 1658 2633 eruditillimorum
1686 2557 1725 2633 δι
1746 2550 1893 2634 utililli-

543 2675 706 2732 morum
724 2646 1030 2741 Multitudinem,
1047 2673 1218 2754 quorum
1245 2670 1427 2758 tanquam
1449 2649 1496 2730 ab
1524 2649 1704 2730 omnibus
1723 2650 1893 2731 celebra·

540 2763 676 2826 torum
689 2748 849 2824 nomina
871 2747 998 2825 nescio
1019 2772 1149 2826 annon
1165 2744 1209 2824 sit
1220 2744 1537 2851 supervacaneum
1551 2774 1683 2827 eoram
1704 2747 1815 2827 vobis
1830 2776 1888 2828 re·

541 2843 668 2922 citare.
717 2839 762 2921 ld
781 2839 899 2922 sciatis
918 2841 1055 2933 velim,
1082 2845 1179 2938 ianii
1209 2842 1249 2921 so
1265 2849 1384 2922 Anno
1398 2845 1480 2922 LX.
1493 2842 1605 2948 elapsi
1628 2841 1769 2933 seculi,
1797 2870 1890 2924 eum

544 2935 672 3018 adhue
689 2942 728 3019 in
750 2941 872 3043 primi
889 2941 1058 3019 Statione
1076 2869 1322 3019 Eccleliallica
1333 2939 1490 3018 haereret
1507 2941 1677 3019 WlTSl
1691 2942 1779 3030 US,
1806 2938 1886 3019 cdi=

543 3057 631 3115 tum
670 3035 718 3115 ab
758 3062 808 3115 eo
845 3033 917 3116 ell'e
960 3043 1111 3132 pureum
1147 3036 1448 3120 Chrillianieamem
1482 3041 1566 3109 circa
1612 3040 1774 3133 Principia
1804 3033 1885 3124 fidei

542 3137 585 3212 ά
603 3139 657 3206 SS.
675 3135 876 3208 Trinitatem.
924 3140 1009 3212 Nec
1026 3136 1067 3213 in
1092 3129 1253 3212 Ecclesia
1272 3139 1522 3213 Wormerana
1546 3130 1569 3208 ὲ
1589 3132 1803 3236 scriptione¹
1820 3129 1887 3210 ab-

542 3227 706 3314 stinuit,
744 3237 857 3309 Anno
888 3229 1012 3308 LXV.
1042 3230 1168 3332 Belgis
1198 3228 1350 3309 tradens
1388 3233 1513 3302 Praxin
1544 3227 1768 3317 Grrffliam'smi'
1792 3255 1887 3308 cum

544 3329 625 3406 lina
655 3325 782 3405 inibus
813 3325 1073 3428 spiritualibus
1102 3326 1274 3433 hominis
1305 3346 1391 3404 tuin
1423 3327 1619 3439 ltregeniti
1640 3327 1745 3433 ineo
1777 3321 1886 3431 quod

539 3419 603 3501 lau
653 3420 729 3501 bile
743 3423 879 3514 babet,
908 3427 948 3503 &
970 3425 1145 3527 Regeniti
1171 3426 1210 3504 in
1228 3448 1278 3502 eo
1297 3421 1406 3531 quod
1425 3446 1526 3524 carpi
1549 3425 1588 3504 ὅ(
1605 3423 1747 3538 corrigi
1761 3447 1887 3502 mere-

542 3536 617 3596 tur.
664 3516 781 3622 Apud
801 3517 1103 3601 Leovardienles
1131 3517 1290 3626 Belgieo
1317 3522 1433 3599 etiam
1454 3525 1642 3599 Sermone
1671 3525 1779 3594 Lirem
1805 3521 1887 3597 Do·

538 3615 638 3692 mini
660 3639 752 3692 eum
771 3618 881 3695 vinea
895 3615 959 3697 sua
978 3616 1173 3707 instruxit,
1198 3612 1496 3723 atqueadversus
1514 3638 1755 3729 opponentes
1775 3611 1887 3692 simul

535 3707 665 3794 valide
684 3712 800 3791 tuitus
817 3711 882 3792 est.
929 3719 984 3793 Ex
1006 3715 1299 3817 Franequeranis
1328 3715 1410 3791 Viri
1438 3711 1654 3793 Laboribus
1677 3711 1883 3800 habemus,

537 3828 681 3914 praeter
703 3808 856 3886 minora
877 3805 948 3887 alia
965 3811 1175 3905 maioribus
1197 3808 1462 3920 voluminibus
1483 3806 1571 3887 dein
1595 3803 1884 3982 eomplrehensa,

537 3909 761 3982 ononomiam
788 3901 992 3984 Foederum
1011 3909 1084 3986 Dei
1106 3934 1197 3988 euin
1226 3905 1480 3996 hominibus,
1520 3904 1655 3985 iiRev.
1720 3901 1885 4003 arbngio

538 3999 758 4082 Ileelesiaste
779 4005 974 4082 Hornano
990 4001 1140 4110 Belgiee
1184 4031 1312 4108 uoque
1329 4004 1497 4094 veriam,
1533 4022 1648 4109 atque
1670 4003 1886 4078 Etercitatio·

538 4119 596 4172 πει
613 4103 741 4178 Saccas
761 4099 802 4178 in
820 4098 1053 4206 Symbolum
1067 4031 1466 4208 quodApollolorum
1486 4097 1647 4186 dieitur,
1675 4119 1768 4202 quas
1782 4097 1883 4205 Ῡεῃ.

542 4191 723 4272 Costerus
747 4195 877 4276 Pastor
898 4195 1084 4279 Delfensis
1099 4195 1317 4313 Belgis'sua
1349 4197 1479 4308 lingua
1513 4191 1691 4310 legendas
1717 4183 1884 4268 tradidit.

539 4285 948 4494 flammentur
963 4297 1215 4372 Exercitationes
1239 4297 1357 4376 Sacrae
1382 4322 1422 4373 in
1452 4297 1680 4374 Orationem
1706 4286 1887 4366 Domini·
2021 4325 2025 4330 ·

535 4407 659 4476 timi
863 4393 955 4476 a&
980 4390 1260 4498 Doeaphylo'n,
1302 4418 1392 4475 eum
1425 4385 1602 4472 Diatribe
1635 4381 1683 4466 de
1710 4381 1766 4464 Le
1794 4385 1886 4462 ione

1118 4487 1240 4594 *ga
1769 4479 1883 4564 ulmi·
