4909 5425
849 515 907 592 De
932 514 1209 600 Scursuarr
1231 516 1633 599 Donartsrrunrr.
1841 526 1918 621 σμ’

570 652 660 719 cu'm
682 640 842 721 Patribus
859 645 986 720 nostris
1007 674 1026 719 e
1050 646 1126 737 isse,
1146 667 1207 723 aut
1224 644 1415 723 nobiscum
1433 647 1628 722 etiamnum
1644 666 1741 748 agere
1758 669 1840 735 eos,
1855 651 1919 748 qui

569 768 670 821 nunc
683 746 821 843 Ecclesia
838 749 1011 823 Catholicae
1022 675 1219 848 speciosum
1232 774 1366 822 nomen
1381 749 1446 825 fibi
1458 767 1643 849 arrogant,
1665 747 1765 821 sicuti
1775 749 1919 826 carloa-

566 852 600 919 ai
613 847 702 922 olim
730 869 876 949 egerunt
887 875 976 927 cum
994 854 1196 945 Donataflin
1224 848 1281 924 sed
1298 870 1533 950 utrorumque
1547 852 1671 925 viasac
1684 851 1916 927 rationestan-

568 962 690 1023 tuma
705 949 738 1024 se
759 950 917 1025 invicem
928 950 1048 1026 distare
1073 973 1248 1052 quantum
1272 952 1319 1025 ab
1342 955 1489 1029 Oriente
1508 949 1700 1035 Occidens.
1746 952 1915 1027 Enimve-

565 1068 612 1119 ro
629 1072 706 1125 non
725 1050 804 1129 sunt
823 1078 963 1153 eaquae
989 1052 1140 1127 dicimus
1164 1054 1290 1129 multae
1316 1051 1597 1152 disputationum
1623 1050 1791 1151 opacitati
1807 1054 1915 1128 invo-

565 1144 668 1234 luta3
696 1150 755 1227 sed
780 1154 817 1226 in
838 1152 1021 1229 clariffima
1043 1180 1165 1228 rerum
1185 1154 1264 1229 luce
1286 1155 1484 1229 versantur:
1510 1156 1543 1230 da
1562 1178 1582 1227 a
1602 1150 1822 1251 proseffionis
1847 1176 1914 1226 no-

563 1246 645 1325 ttrae
665 1254 871 1328 antistitibus
888 1274 962 1329 tant
975 1255 1166 1329 luculenter
1177 1253 1338 1355 expolita
1352 1256 1454 1345 sunt,
1472 1276 1514 1331 ut
1524 1255 1639 1329 nostra
1657 1253 1806 1355 quadam
1823 1254 1914 1327 ulte·

562 1350 652 1425 riori
674 1356 978 1431 commentatione
992 1381 1067 1429 non
1090 1357 1278 1461 indigeant.
1331 1358 1424 1452 Qria
1447 1377 1566 1431 tamen
1579 1382 1624 1429 eo
1638 1381 1736 1431 nunc
1757 1374 1909 1430 ventum

554 1452 631 1535 esta
654 1472 694 1527 ut
708 1457 949 1531 exercitationi
961 1456 1304 1535 nollraesuaconlle.
1316 1457 1518 1561 integritas,
1536 1456 1753 1561 nonpigebit
1766 1455 1906 1533 insum·

560 1577 662 1631 mam
673 1560 898 1646 contrahere,
909 1584 1017 1659 quaea
1029 1560 1255 1661 magnisviris
1263 1560 1405 1661 copiose
1419 1558 1499 1634 sunt
1509 1565 1722 1658 pertradtata.

661 1656 709 1730 ΙΙ.
735 1659 1040 1759 Donatisiasquod
1056 1662 1197 1751 attinet,
1212 1662 1264 1735 illi
1284 1686 1368 1736 cum
1386 1662 1564 1737 Catholicis
1575 1663 1614 1735 in
1636 1658 1747 1734 Africa
1754 1654 1898 1734 eandem
1914 1650 1952 1717 Π·
1965 1647 2090 1711 ΒΜ·

560 1753 823 1855 profitebantur
854 1759 989 1845 fidem,
1018 1760 1171 1836 eundem
1197 1761 1375 1836 habebant
1399 1762 1525 1837 Divini
1548 1761 1705 1835 numinis
1732 1761 1867 1835 cultum
1883 1726 2067 1872 ,milia

558 1855 686 1930 iisdem
698 1858 929 1936 utebantur&
946 1861 1208 1938 sacramentis&
1223 1864 1454 1952 ceremoniis,
1472 1888 1586 1961 neque
1601 1859 1701 1962 super
1713 1862 1820 1936 haere
1828 1862 1896 1935 ulla
1906 1901 2088 1976 mm„

554 1957 797 2034 intercedebat
811 1964 1058 2038 controversia.
1115 1964 1353 2040 Solummodo
1366 1964 1583 2063 quaerebatur
1604 1960 1646 2036 de
1663 1962 1895 2037 Ordinatione
1909 1970 2018 2116 anstai
2030 1974 2087 2035 ea-

560 2060 725 2137 catiliani
737 2112 749 2149 ,
763 2087 871 2159 quam
884 2065 932 2135 illi
947 2064 1208 2139 contendebant
1218 2067 1275 2140 via
1285 2086 1388 2165 atque
1401 2065 1523 2139 ordine
1533 2088 1610 2138 nou
1623 2061 1687 2136 effe
1701 2068 1894 2182 peractam:
1911 2074 1940 2116 τ’
1963 2074 2016 2117 ⁴⁸¹
2025 2072 2073 2117 θ’·

558 2186 671 2259 eaque
684 2189 719 2234 re
730 2163 927 2239 universam
937 2164 1127 2239 Eccleliam
1134 2165 1330 2255 Africanam
1338 2216 1349 2254 ,
1362 2166 1689 2239 communicatione
1706 2166 1893 2255 cuminis,
1909 2136 2074 2279 diam

557 2264 609 2336 ita
620 2259 683 2334 else
696 2261 893 2360 pollutam,
916 2285 956 2339 ut
969 2264 1129 2339 Ecclesrae
1141 2265 1462 2365 Christianaeelogio
1471 2268 1502 2337 ἃ
1511 2265 1696 2364 privilegiis
1705 2263 1894 2349 exciderit3
1907 2236 2000 2300 qm
2074 2257 2085 2286 ⁹

557 2388 676 2458 neque
688 2360 880 2451 Africanam
892 2364 1007 2439 modo
1023 2365 1231 2451 Ecclesram‚
1247 2366 1343 2439 sed&
1361 2364 1748 2439 transmarinascaeteras
1763 2390 1900 2439 cumea

548 2463 888 2548 communicantem
908 2466 995 2539 adeo
1014 2485 1055 2539 ut
1072 2490 1152 2539 vera
1163 2466 1347 2539 Christiana
1365 2460 1513 2541 Ecclesia
1526 2463 1659 2562 ubique
1674 2468 1903 2541 terrarumin.

552 2561 752 2651 terciderit,
774 2564 976 2639 remanserit
984 2584 1103 2639 autern
1111 2567 1146 2639 in
1156 2565 1227 2639 sola
1240 2587 1336 2666 parte
1348 2570 1486 2642 Donati.
1510 2566 1603 2640 Haec
1613 2563 1903 2664 unicasuitquam

550 2660 873 2766 -ipliobtenderunt
892 2666 1112 2766 separationis
1132 2665 1253 2743 caussa.
1310 2668 1489 2769 Separatio
1506 2686 1621 2743 autem
1629 2663 1701 2765 ipsa
1717 2683 1790 2740 tam
1799 2668 1904 2767 perti·

557 2791 643 2853 narr,
657 2784 696 2840 ut
704 2767 806 2838 omni
814 2768 1193 2867 aequitate&comitate
1202 2770 1247 2843 ad
1255 2771 1430 2843 unionem
1439 2770 1595 2855 invitati,
1619 2791 1698 2840 eam
1715 2767 1905 2841 vehemen-

558 2885 613 2942 ter
626 2866 839 2966 respuerint,
853 2867 983 2940 eodem
1002 2893 1088 2940 cum
1106 2869 1295 2943 Catholicis
1309 2870 1394 2942 loco
1408 2867 1728 2952 sederenoluerint,
1742 2867 1905 2942 Fratrum

546 2993 698 3046 -nomen
712 2964 803 3041 srbia
819 2967 1010 3042 Catholicis
1019 2966 1140 3039 datum
1149 2993 1231 3043 cum
1242 2969 1482 3069 indignatione
1492 2968 1693 3062 rejecerint,
1711 2989 1730 3036 a
1745 2966 1904 3039 Catholi-

547 3073 611 3148 cis
625 3066 709 3145 adse
722 3065 935 3142 transeuntes
952 3065 1099 3140 nonnisr
1110 3070 1259 3168 repetito
1278 3067 1454 3170 Baptismo
1467 3067 1687 3147 admiserint3
1714 3063 1809 3163 quast
1821 3085 1904 3141 tum

558 3175 710 3249 demum
729 3195 775 3243 ex
795 3194 872 3244 non
899 3167 1097 3244 Christianis
1130 3169 1312 3246 Christiani
1342 3170 1479 3246 fierent.
1535 3167 1591 3247 Ad
1619 3168 1714 3242 hunc
1746 3165 1903 3241 modum

555 3269 748 3359 Donatista.

661 3373 725 3448 111.
750 3369 870 3445 Nostri
888 3387 1007 3443 autern
1025 3369 1175 3467 majores
1190 3367 1360 3470 superiori
1379 3368 1496 3446 seculo
1507 3372 1616 3475 longe
1633 3371 1733 3447 aliter
1746 3367 1896 3443 institue-
1908 3363 1964 3424 1¹¹·
1974 3356 2077 3458 Map.

554 3493 654 3556 runt.
690 3472 878 3570 Postquam
887 3471 1234 3546 Divinaeclementiae
1242 3473 1497 3571 complacitum
1508 3473 1580 3561 est,
1598 3473 1744 3571 Spiritus
1759 3467 1895 3546 suiluce
1908 3438 2053 3586 Ψᾶψη

538 3625 547 3638 -
588 3579 707 3673 iorum
714 3573 937 3673 quorundam
949 3573 1142 3646 hominum
1156 3574 1294 3646 animos
1303 3572 1520 3661 collustrare,
1534 3576 1569 3647 ἃ
1585 3574 1623 3646 in
1637 3572 1816 3649 sacrorum
1828 3597 1896 3644 vo·
1906 3543 2041 3668 'pi’omss

542 3605 741 3756 fuminum
751 3675 1014 3777 intelligentiam
1024 3672 1214 3774 perducere
1223 3725 1237 3763 ,
1250 3674 1363 3747 multa
1371 3672 1625 3773 deprehendere
1647 3691 1839 3774 coeperunt
1855 3672 1894 3745 in
1908 3685 2072 3764 natabant,

555 3777 713 3858 Ecclesra
726 3778 912 3864 Romana,
924 3778 963 3848 in
981 3777 1080 3871 cujus
1102 3773 1272 3875 degebant
1289 3774 1570 3864 communione,
1594 3800 1676 3874 quae
1695 3772 1840 3876 aprisco
1860 3767 2059 3854 &universa

540 3879 713 3984 -fimplici
731 3876 1008 3964 Christianismo,
1029 3877 1141 3975 qualis
1155 3878 1195 3949 in
1205 3873 1304 3950 sacris
1322 3875 1428 3949 literis
1437 3875 1605 3964 traditur,
1625 3875 1824 3977 longissime
1840 3900 1894 3947 re-
1906 3851 2040 3998 {mx

557 4003 687 4072 mota,
704 3973 1589 4075 imoiisadversasrontecontrariaiplisvidebantur.
1612 3977 1702 4050 Non
1713 3973 1895 4076 litigabant
1906 3971 2074 4100 nfflm',

560 4085 607 4159 de
619 4078 937 4182 crimineEpiscopi
948 4079 1112 4174 alicujus,
1128 4080 1319 4177 autPapae.
1335 4075 1419 4153 ficto
1428 4102 1474 4151 an
1486 4103 1594 4151 vero:
1624 4074 1680 4149 sed
1688 4074 1893 4163 cernebant,
2021 4055 2083 4180 Ἆρ’
2112 4083 2116 4090 “

538 4249 549 4260 .
589 4184 665 4260 uod
688 4183 811 4262 iiscum
832 4180 995 4259 cernebat
1011 4178 1166 4254 mundus
1187 4176 1386 4268 universus,
1411 4177 1498 4253 adeo
1510 4180 1717 4278 plerumque
1733 4196 1896 4276 correptas

536 4211 659 4363 suffe
669 4309 773 4361 arares
784 4285 1070 4370 Monachorum,
1089 4278 1403 4374 Presbyterorum,
1420 4280 1698 4380 Episcoporum,
1714 4276 1900 4356 Cardinali-

541 4413 649 4478 -um,
664 4386 822 4486 ipsorum
831 4384 981 4484 denique
988 4385 1182 4482 Palmum,
1196 4399 1237 4456 ut
1245 4399 1289 4453 ne
1297 4379 1409 4455 civilis
1417 4382 1558 4480 quidem
1574 4381 1761 4456 honestatis
1771 4380 1899 4480 species

552 4475 1072 4590 .ullainplu'rimisremanserit.
1122 4483 1280 4660 ggeoque
1289 4478 1477 4559 difficileiis
1486 4481 1622 4561 creditu
1630 4480 1838 4657 Videb'tfilt’i
1840 4503 1903 4656 ἐπὶ

1010 4617 1013 4622 ¹
1180 4607 1207 4659 n
1220 4607 1245 4660 n
1258 4605 1334 4670 na
1864 4608 1876 4653 r
