4909 5425
634 552 673 616 ςο
991 556 996 571 1
1069 520 1246 597 brus·
1306 518 1438 594 cnr.
1473 516 1547 593 IX·
1607 520 1619 553 '¹

452 679 503 742 1v.
520 696 584 744 ιη,
685 642 756 727 lV.
783 643 860 742 Qui
880 641 1025 723 Tmrro
1055 662 1101 716 ex
1121 640 1187 716 aoela
1209 644 1268 735 ipfia
1288 638 1483 731 &sinum
1509 636 1607 732 pofiru
1631 634 1762 738 aliqua
1791 632 1965 713 descendn

454 756 614 833 caram&
639 758 834 835 autumat,
860 743 904 820 ad
938 742 1031 820 hanc
1064 739 1108 815 de

1167 761 1214 818 ua
1246 740 1385 838 agimus
1411 736 1632 815 sundionem
1672 747 1884 835 oportuna.
1915 737 1966 837 sap

443 834 600 917 fitasstaa.
638 875 749 929 xrrr.
800 839 958 922 Tametsr
980 845 1075 917 enim
1101 764 1237 915 nussam
1271 836 1409 914 censeat
1433 836 1580 912 humani
1612 837 1761 935 ingenii
1799 835 1966 915 faculam

454 934 530 981 rum·

639 950 684 1028 ad
708 969 787 1024 eam
809 966 888 1045 quae
909 941 993 1018 facit
1016 952 1112 1016 vates
1141 941 1309 1014 virtutem
1341 939 1543 1038 pertingere
1570 934 1695 1036 polle;
1727 958 1858 1037 quum
1888 946 1966 1013 tam

638 1048 765 1137 Deus,
790 1056 923 1120 naturae
943 1040 1083 1123 audior,
1111 1038 1322 1113 &suaviter
1354 1037 1478 1112 omnia
1502 1034 1697 1135 disponens
1732 1037 1777 1111 in
1813 1036 1983 1121 univorsa.¹

639 1149 715 1225 vim
738 1144 836 1222 suam
859 1142 1011 1216 libenter
1032 1135 1288 1215 accommodat
1307 1133 1501 1210 hominum
1524 1137 1682 1220 naturis,
1713 1146 1836 1235 atque
1860 1134 1966 1213 altam

640 1269 761 1324 rerum
781 1242 911 1343 quibus
932 1241 1066 1331 utitur3
1093 1236 1285 1311 absurdum
1313 1232 1425 1308 videri
1447 1254 1523 1310 non
1548 1234 1679 1320 debet,
1709 1234 1885 1311 eundem
1905 1232 1966 1313 &i

642 1346 770 1423 derum
795 1341 929 1416 viribus
956 1338 992 1413 dc
1028 1333 1281 1435 dispositione,
1308 1333 1411 1429 cujus
1437 1332 1472 1407 &
1496 1331 1568 1431 ipse
1592 1332 1720 1409 audior
1747 1334 1829 1422 est,
1857 1324 1967 1412 urias

641 1441 814 1546 quando,
843 1441 919 1514 imo
938 1436 1082 1537 saepius,
1108 1434 1153 1510 ad
1182 1429 1426 1510 conciliandas
1450 1428 1513 1507 srbi
1539 1432 1740 1509 hominum
1770 1434 1969 1527 mentes,l

640 1541 812 1618 vaticinio
834 1536 1076 1631 illustrandas3
1103 1532 1129 1610 fi
1151 1532 1300 1634 quidem
1325 1530 1530 1607 hu'usmodi
1555 1533 1627 1607 vim
1653 1532 1764 1610 coelo
1801 1532 1914 1611 inesse

641 1664 713 1743 qua
743 1637 921 1738 probabili
944 1637 1082 1712 ratione
1108 1632 1324 1711 ostendatur.
1373 1554 1428 1709 ix
1450 1632 1622 1707 astromm
1644 1644 1778 1711 autem
1803 1632 1971 1737 dispositio

641 1764 690 1816 ne
714 1750 821 1838 atque
844 1734 1008 1821 inlluxu,
1034 1755 1154 1810 mores
1179 1733 1339 1808 hominis
1361 1730 1601 1829 configurari,
1626 1742 1710 1807 tum
1741 1732 1783 1809 ἃ
1810 1738 1919 1813 mirus
1938 1758 1973 1813 m·

641 1839 731 1914 turis
754 1839 949 1916 hominum
972 1833 1204 1933 fingularium
1230 1829 1361 1906 innasci
1382 1832 1641 1929 proprietates,
1669 1853 1757 1909 non
1782 1834 1904 1911 inlimi
1921 1834 1972 1913 sub

641 1935 731 2012 sellii
742 1934 949 2034 Philosophi
965 1933 1128 2009 satentur.
1179 1930 1216 2008 Si
1235 1932 1312 2006 haec
1332 1930 1376 2005 ab
1399 1930 1514 2019 astris,
1540 1952 1604 2005 cur
1628 1950 1709 2006 non
1737 1932 1780 2007 &
1809 1934 1973 2013 divinatio!

639 2032 732 2113 'Non
759 2034 930 2134 quidem,
957 2045 998 2109 ut
1028 2032 1122 2110 hanc
1146 2029 1382 2129 principalem
1412 2030 1519 2126 hujus
1542 2025 1697 2106 caussam
1732 2032 1888 2121 statuat,
1907 2056 1972 2111 cum

641 2136 819 2219 cardam,-
846 2133 903 2210 sed
924 2145 966 2208 ut
986 2133 1303 2233 praeparationem,
1332 2151 1418 2206 curn
1439 2137 1645 2224 Pomponan'o.

553 2311 561 2327 ,
693 2233 742 2317 V,
767 2232 954 2328 QunuTo,
973 2234 1171 2328 finitennnei
1194 2257 1316 2332 quoqne
1337 2230 1455 2304 insitus
1476 2230 1617 2322 naastan
1638 2228 1719 2306 aliis
1742 2235 1970 2335 oportunius

514 2342 552 2438 .st
643 2335 711 2410 bus
731 2330 993 2409 accensendum
1013 2330 1148 2416 credit,
1175 2331 1305 2430 quibus
1325 2353 1427 2405 mens
1448 2329 1492 2405 ad
1514 2330 1798 2409 vaticinantium
1820 2356 1970 2435 compat·

642 2447 723 2510 tur:
751 2434 787 2508 &
810 2430 999 2531 postquam
1022 2432 1209 2529 Capxru
1233 2452 1278 2505 ex
1300 2439 1428 2505 Leonica
1454 2431 1590 2503 Tiamaa
1603 2429 1843 2509 miraculum
1864 2430 1969 2535 aliqui

499 2580 516 2641 ·.
642 2528 825 2617 narrasset,
851 2530 952 2632 quod
973 2528 1213 2631 superioribus
1235 2533 1336 2605 annis
1359 2532 1396 2604 in
1419 2552 1505 2629 agro
1527 2526 1761 2617 Veronensi,
1791 2556 1879 2611 non
1902 2534 1969 2633 lom

643 2655 663 2709 a
687 2630 817 2712 Benaci
838 2630 917 2706 lacu
941 2629 1049 2731 Alpes
1073 2630 1213 2717 versus,
1241 2628 1301 2703 vul
1328 2652 1353 2705 o
1376 2627 1563 2729 proditum
1585 2625 1634 2702 est
1655 2629 1888 2734 contigisse,
1911 2630 1967 2709 dri

642 2732 770 2810 halitus
791 2732 828 2808 in
850 2744 923 2806 tem
952 2729 991 2805 lo
1016 2729 1116 2830 quod
1150 2728 1254 2807 Divae
1321 2731 1399 2805 ariae
1422 2731 1461 2804 in
1492 2750 1537 2804 eo
1568 2725 1678 2803 trailu
1706 2727 1885 2811 dicatum
1912 2745 1966 2824 tm

643 2831 744 2910 addit
770 2831 802 2908 se
836 2852 881 2907 eo
911 2755 1077 2906 sisennus
1111 2831 1188 2906 haec
1218 2824 1451 2929 adscripsisse,
1477 2847 1516 2903 ur
1537 2828 1677 2920 dafiaanr
1704 2834 1813 2924 osores
1843 2837 1966 2910 litem

565 2973 570 2984 ·
643 2936 747 3010 multa
769 2931 916 3026 ejntiraodi
938 2957 1005 3030 qna
1032 2939 1065 3004 in
1092 2938 1238 3006 Veterum
1270 2929 1356 3003 labra
1378 2930 1546 3028 leguntur,
1572 2929 1724 3029 istamque
1733 2937 1857 3026 specus
1878 2933 1966 3030 1)δρ

643 3034 856 3120 assalitum,
872 3031 991 3128 finan
1009 3057 1224 3105 annumerare.
1275 3027 1375 3106 Tum
1399 3027 1576 3128 exponit,
1601 3049 1673 3203 pua
1701 3031 1859 3112 ratione
1891 3033 1966 3110 illt'u

644 3134 753 3208 antris
775 3131 1020 3207 commoratio
1047 3131 1208 3205 animum
1236 3127 1279 3203 ad
1305 3127 1573 3205 vaticinantium
1628 3124 1806 3227 isponere
1835 3133 1965 3234 potueri

644 3231 848 3315 Nimirum,
876 3228 1064 3304 solitudine
1084 3251 1126 3305 ac
1144 3227 1284 3304 silentio
1307 3225 1532 3327 tenebrisque
1555 3225 1634 3328 ipsis
1664 3229 1822 3308 animus
1844 3253 1969 3332 nonp

643 3353 725 3406 rum
750 3327 865 3404 attolli
890 3340 997 3427 atque
1026 3326 1070 3403 ali
1101 3329 1252 3404 videtur.
1306 3327 1477 3414 Accedit,
1505 3326 1606 3427 quod
1638 3337 1840 3406 antrorum
1876 3331 1970 3408 botru

642 3425 922 3504 admirationem
950 3439 986 3502 at
1012 3449 1057 3502 ue
1077 3427 1347 3504 venerationem
1379 3428 1415 3503 in
1449 3428 1572 3502 animo
1597 3426 1741 3505 excitet
1801 3427 1971 3524 Hinc,u⁷

642 3528 808 3620 Manilius
826 3533 947 3603 ricinus
967 3450 1263 3628 psilosophatur,
1293 3528 1409 3630 Sibylla
1423 3526 1461 3614 65
1475 3527 1589 3627 Pythia
1605 3527 1815 3620 ῥαγδαῖοι,
1845 3527 1972 3633 quus»

641 3627 784 3703 cederent
803 3634 837 3702 in
856 3629 943 3724 Jovti
969 3647 1029 3701 aut
1052 3629 1197 3722 Apollinis
1230 3639 1384 3716 anirum,
1407 3627 1463 3702 ubi
1486 3652 1601 3700 numen
1632 3627 1730 3719 ipsum
1763 3631 1831 3704 ade
1853 3661 1871 3709 e
1899 3631 1972 3706 cmi

641 3726 745 3812 bant,
771 3746 861 3802 tanto
885 3727 1100 3802 admirationis
1124 3731 1389 3828 venerationisque
1399 3730 1520 3821 stupore
1544 3730 1581 3801 de
1603 3729 1762 3819 »νήψατε
1790 3735 1931 3806 nmini
1944 3757 1972 3806 n·

636 3828 804 3928 girabant,
829 3847 868 3901 nt
880 3830 1009 3922 sensus,
1033 3827 1218 3923 pinntnfia,
1245 3839 1386 3928 ratioque
1410 3829 1496 3900 assus
1512 3830 1584 3922 suos
1610 3827 1679 3899 ilico
1706 3841 1972 3919 praeminum

524 3933 536 3948 '
645 3937 736 4002 Tunc
754 3956 838 4006 mens
851 3928 911 4021 soii
930 3929 1059 4022 expofita
1079 3935 1224 4012 atramini,
1243 3928 1313 4020 five
1340 3937 1425 4004 Deus
1446 3928 1493 4000 ide
1507 3930 1635 4026 fuerit,
1653 3925 1725 4018 five
1760 3935 1974 4028 Danaam*

638 4045 749 4124 pernas
768 4028 979 4124 praesentiebat
999 4048 1111 4103 motus.
1164 4024 1336 4128 Denique
1360 4025 1461 4128 quod
1489 4027 1533 4104 ad
1559 4047 1649 4101 tenae
1678 4028 1926 4122 exspirationem
1943 4043 1975 4108 d·

641 4127 757 4216 tinet,
785 4150 904 4230 neque
929 4127 1006 4204 haec
1029 4128 1183 4202 omnino
1206 4131 1335 4229 opinio
1361 4125 1578 4228 repudianda
1599 4125 1718 4206 Petito
1743 4127 1975 4234 videtunqut

641 4227 857 4305 nonnullam
865 4227 1017 4322 speluncis
1036 4227 1111 4302 vim
1133 4223 1239 4324 inesse
1267 4230 1436 4304 vaticinio
1456 4239 1674 4327 oportunam
1696 4225 1852 4308 statuit:
1885 4257 1924 4312 ea
1941 4253 1976 4310 u·

641 4321 743 4430 tione
769 4350 839 4429 qua
871 4327 993 4402 succus
1027 4325 1335 4414 melancholicus,
1361 4329 1423 4426 qui
1456 4329 1624 4406 omnium
1658 4330 1834 4426 corporis
1867 4333 1975 4410 humo

642 4441 725 4500 rum
747 4427 912 4504 'maxime
945 4424 994 4502 est
1025 4437 1183 4511 terreus,
1210 4425 1345 4510 ficcus,
1373 4426 1522 4512 densus,
1550 4425 1669 4503 calore
1699 4449 1825 4510 conce
1858 4447 1902 4512 to
1931 4435 1974 4508 lo

642 4521 760 4602 mines
780 4524 901 4606 reddit
920 4537 1079 4610 amentes
1090 4579 1104 4623 ,
1129 4525 1166 4604 dc
1187 4525 1385 4615 saranatis,
1413 4547 1521 4629 quam
1542 4529 1755 4627 proximam
1831 4543 1864 4610 e·
1878 4529 1974 4610 add

1870 4633 1971 4712 vium
