4909 5425
794 475 1397 570 'DEDICATIQ

376 627 417 718 dt
442 623 653 740 lapidibus
668 620 884 738 pretiosrs,
918 624 1070 710 ordine
1086 623 1254 710 decenti
1274 617 1555 739 compositis.
1585 621 1869 738 AugustaSa·
1899 620 1903 631 '

377 737 548 857 pientiae
565 739 673 825 aedes
690 737 929 826 strueretur.
965 740 1071 824 Noa
1091 757 1233 824 tamen
1251 738 1522 826 interdidlum
1539 737 1648 825 mihi
1668 733 1751 824 esst
1767 738 1870 824 ‘exi-

378 851 575 946 stimavi,
604 867 651 939 ut
668 878 758 939 non
774 852 977 963 singulare
992 851 1169 963 aliquod
1187 851 1386 939 dotirinae
1407 870 1539 967 caput
1562 851 1772 965 prolixius
1791 851 1870 938 ali-

381 967 557 1081 quando
579 966 898 1077 pertractarem:
927 983 1002 1051 aut
1015 963 1162 1052 illustri
1182 964 1310 1051 alicui
1329 966 1535 1052 sacrarum
1552 964 1774 1051 literarum
1790 993 1869 1078 pe·

379 1081 538 1191 ricopae
561 1078 830 1191 explananda
857 1076 1107 1164 inhaererem
1143 1074 1319 1173 diutius.
1392 1077 1460 1164 Sic
1491 1077 1604 1164 enim
1624 1080 1869 1194 patefacere

380 1191 662 1283 Auditoribus
683 1189 788 1277 meis
807 1190 1000 1277 animum
1034 1190 1293 1277 inducebam
1314 1249 1328 1295 ,
1369 1217 1500 1303 quam
1519 1191 1871 1306 imperscrutabi-

379 1311 465 1396 lem
480 1303 694 1419 sapientiae
710 1301 1006 1417 opulentiam,
1036 1330 1126 1389 non
1144 1305 1338 1393 universa
1356 1305 1525 1403 modu,
1553 1305 1623 1392 sed
1645 1306 1872 1417 &lingula

382 1421 796 1531 compteaerentur:
825 1418 935 1504 adeo
952 1435 1001 1503 ut
1018 1442 1284 1529 quocunque
1313 1416 1522 1503 fodiendo
1545 1419 1873 1531 penetraveris.

384 1559 530 1620 nouos
545 1531 807 1638 identidem,
836 1557 915 1616 nec
947 1528 1135 1616 minores
1159 1528 1360 1645 repertis,
1407 1532 1628 1618 thesauros
1653 1531 1872 1617 invenias.

383 1644 480 1734 Fuit
497 1644 627 1730 etiam
643 1670 777 1754 quum
801 1641 968 1733 Veteris
989 1642 1250 1730 Testamenti
1273 1643 1439 1731 ritus&
1464 1644 1756 1750 ceremonias,
1787 1645 1873 1731 suit

385 1784 523 1889 quum
540 1756 870 1870 Prophetiarum
887 1756 1131 1867 aenigmata,
1161 1775 1237 1844 aut
1255 1757 1553 1843 memorabiles
1573 1815 1585 1851 ,
1628 1774 1718 1844 tarn
1733 1760 1871 1845 Israe-

386 1872 531 1964 lrticae‚
561 1894 691 1981 quam
710 1869 958 1955 Christianae
980 1868 1141 1981 gentis,
1170 1868 1395 1976 historias3
1425 1869 1508 1957 fuit
1519 1895 1658 1985 quum
1674 1870 1865 1982 integras

385 1981 622 2098 Epistolas‚
650 1980 801 2068 Divini
826 1981 1008 2098 Spiritus
1032 1980 1234 2070 instindu
1258 1981 1551 2099 conscriptas.
1594 2006 1860 2100 exponerem.

387 2095 578 2184 Subinde
611 2120 793 2209 quoque
819 2095 866 2181 in
892 2094 1186 2206 Antiquitates
1216 2094 1444 2208 utriusque
1461 2099 1650 2185 Ecclesia
1672 2091 1838 2183 excurri
1853 2147 1883 2187 2.

386 2209 504 2300 unde
519 2211 593 2294 lux
617 2208 759 2321 aliqua
783 2207 1103 2295 obscurioribus
1130 2207 1311 2296 oraculis
1330 2209 1530 2323 affulgere
1547 2208 1664 2325 posse
1692 2208 1874 2297 videba-

385 2340 468 2411 tur.
522 2323 578 2408 Et
594 2320 794 2433 quamvis
810 2320 872 2407 ita
890 2340 1039 2409 natura
1059 2322 1423 2410 &consuetudine
1437 2325 1571 2411 fastus
1584 2326 1685 2428 lina,
1715 2340 1767 2410 ut
1784 2320 1876 2409 ali-

388 2436 802 2528 tibusvehementer
818 2436 1071 2521 abhorream
1095 2466 1111 2542 ς
1156 2437 1337 2522 evadere
1352 2455 1496 2523 tamen
1517 2464 1607 2524 non
1626 2437 1789 2550 potui,
1820 2449 1878 2520 ut

390 2575 483 2639 non
501 2575 619 2635 arum
639 2549 901 2660 quandoque
918 2546 964 2631 in
980 2575 1056 2634 eos
1073 2547 1342 2661 stringerem,
1387 2576 1501 2663 quos
1518 2547 1753 2664 ingenio&
1774 2573 1879 2633 eru-

353 2763 360 2768 ,
392 2660 646 2752 ditionesua
662 2663 717 2748 ad
730 2661 1402 2778 Deumipsumimpugnaudum.
1431 2664 1471 2750 dt
1495 2669 1678 2754 verbum
1697 2661 1786 2774 ejus
1797 2662 1873 2746 vel

392 2775 718 2867 contumeliosa
743 2774 988 2861 fidiouibus
1006 2778 1291 2870 elevandum,
1328 2780 1400 2862 sel
1427 2777 1590 2891 argutis
1608 2773 1875 2863 torsionibus

394 2891 675 2982 eludendum,
703 2888 822 2975 abuti
844 2892 1080 2978 cernebam.
1137 2889 1206 2976 Sic
1225 2908 1370 2975 tamen
1391 2908 1443 2977 ut
1471 2889 1624 2978 omnia
1639 2892 1697 2977 ad·
1717 2886 1802 2975 Dei
1823 2886 1877 2972 in

394 2999 572 3094 erasto
597 3001 805 3115 gloriam,
848 3028 1046 3115 veraeque
1078 3002 1364 3091 sandiimoniae
1391 3004 1638 3090 exercitium
1659 3004 1879 3088 referrem.

395 3116 693 3227 Haec'quando
710 3119 1063 3221 commentabar,
1091 3115 1184 3206 vidi
1210 3116 1529 3204 ledlilsrmorum
1554 3118 1762 3226 iuvenum
1782 3139 1880 3200 non

394 3231 710 3341 infrequentem
740 3255 948 3316 coronam
965 3229 1182 3345 disciplina
1205 3258 1303 3319 mea
1319 3230 1408 3337 uti,
1453 3258 1643 3363 quorum
1679 3227 1881 3344 plerique

373 3367 494 3462 ¹<luae
509 3342 739 3429 audiebant
753 3346 918 3428 calamo
937 3345 1163 3456 excipere,
1192 3346 1443 3457 utquisque
1467 3344 1640 3457 ingenio
1679 3343 1720 3430 dt
1743 3365 1880 3425 manu

397 3454 666 3576 promptior,
695 3459 995 3543 conabantur:
1028 3480 1165 3566 quum
1196 3461 1417 3544 memoria
1442 3458 1674 3573 insculpere
1700 3450 1881 3552 omnia,

399 3590 531 3687 atque
550 3597 599 3656 ea
621 3567 834 3681 imprimis
851 3596 946 3682 quae
962 3570 1006 3656 in
1022 3569 1303 3658 citationibus
1325 3571 1589 3676 confistunt,
1619 3593 1710 3653 non
1735 3563 1879 3678 patia-

396 3702 474 3773 tur
499 3693 696 3773 humana
726 3686 814 3770 sors
845 3682 1157 3782 imbecillitatis.
1223 3689 1283 3772 At
1300 3712 1380 3770 nec
1404 3712 1501 3773 mea
1519 3683 1628 3771 mihi
1642 3678 1882 3768 sufficiebat

401 3799 670 3890 recordatio,
694 3796 769 3882 uili
797 3799 1048 3914 conscriptis
1081 3798 1226 3909 adiuta
1248 3797 1470 3885 schedulis.
1526 3800 1644 3884 Hinc
1660 3792 1882 3882 necessitas

403 3914 601 4023 quedam
619 3931 715 3998 orta
730 3911 815 4004 est,
845 3918 1051 3999 nonnulla
1069 3914 1278 4024 prolixius
1311 3913 1614 4026 consignandi,
1661 3928 1712 3994 ut
1731 3909 1770 3993 dt
1792 3931 1881 4016 ego

405 4023 720 4137 haberemque
739 4028 980 4131 traderem,
1023 4027 1065 4113 ὅτ
1082 4027 1300 4112 auditores
1317 4021 1434 4131 mei,
1482 4053 1576 4138 quar
1608 4013 1882 4110 tradidissem.

405 4138 512 4225 Nun
527 4135 642 4222 enim
659 4165 837 4237 exuta,
865 4137 1064 4249 quamuis
1083 4140 1334 4252 perspicua,
1363 4139 1618 4226 recitatione
1642 4134 1776 4222 ten'eri
1792 4157 1882 4242 po-

408 4267 550 4344 terant
566 4252 738 4345 omniar
775 4251 1029 4366 uequcitaa
1053 4251 1248 4341 studione
1272 4254 1469 4342 annotari
1490 4269 1542 4341 ut
1565 4277 1656 4339 non
1675 4249 1886 4440 aliquaptr-

1749 4382 1821 4450 uru
1858 4381 1887 4441 a
