4909 5425
849 480 1619 563 DeScnrsunraDounrrsranou.
1688 534 1701 552 ·
1819 484 1891 563 ¹tsor

562 605 767 684 traditorem
779 611 889 701 luisse,
913 612 1210 688 calumniabantur
1233 616 1454 690 schismatici.
1508 619 1540 689 ls
1553 637 1670 689 autem
1682 616 1890 715 postquam,

562 731 607 782 ut
618 709 722 801 jull'us
736 734 824 801 erat,
840 718 983 787 remotis
999 713 1399 800 necessitatibus,solicite
1415 717 1537 789 omnia
1558 716 1775 816 explorassem
1796 716 1890 787 audi·

561 811 960 907 tusquesuiffetslaudius
972 821 1180 902 Saturninus,
1203 817 1350 890 Curator
1363 816 1593 915 Reipublicae,
1603 819 1664 915 qui
1680 815 1787 891 suerat
1802 835 1890 888 tem·

559 935 652 1010 pore
672 915 918 1009 persecutionis
932 918 967 988 in
982 919 1120 990 civitate
1136 920 1271 1004 Felicis,
1281 937 1389 1016 atque
1399 919 1504 990 etiam
1518 936 1602 1002 tunc
1618 923 1770 992 Curator
1784 933 1854 988 erat
1875 965 1889 1000 ,

560 1011 707 1108 quando
729 1018 804 1091 haec
820 1015 929 1091 caussa
953 1017 1191 1116 flagitabatur,
1215 1015 1323 1090 auditi
1349 1043 1490 1116 quoque
1514 1043 1599 1096 cum
1613 1017 1689 1116 ipso
1712 1016 1814 1090 essent
1832 1015 1890 1086 alii
1990 1095 1993 1106 Ι

559 1113 625 1207 qui
650 1114 807 1210 ignorare
832 1143 905 1189 non
934 1138 1093 1214 poterant
1115 1116 1150 1189 si·
1163 1116 1247 1215 quid
1271 1117 1334 1189 tale
1361 1123 1380 1189 a
1405 1121 1512 1191 Felice
1532 1123 1663 1218 gestum
1690 1116 1798 1190 suisset
1813 1156 1842 1206 ,·
1857 1117 1891 1187 ἀ

553 1213 672 1284 auditi
701 1216 842 1309 quidem
858 1217 1016 1289 adhibitis
1045 1218 1149 1289 etiam
1174 1217 1381 1289 tormentis:
1409 1241 1634 1317 compertum
1658 1243 1701 1289 ex
1723 1220 1889 1290 omnium

541 1311 819 1412 responsisest,
840 1320 933 1389 nulla
954 1318 1090 1391 macula
1113 1319 1233 1391 Felicis
1256 1317 1417 1416 Episcopi
1434 1321 1544 1391 vitam
1569 1317 1773 1391 sordidatam
1795 1315 1888 1390 fuisse

541 1409 663 1484 'Unde
684 1414 757 1489 haec
771 1418 790 1486 ir
804 1415 1013 1491 Proconsule
1025 1419 1253 1515 pronunciata
1269 1420 1300 1489 dr
1315 1418 1356 1489 ad
1371 1420 1623 1517 Imperatorem
1636 1416 1796 1515 rescripta
1815 1418 1887 1490 sen-

551 1514 668 1585 tentia
683 1516 745 1587 est:
759 1516 920 1596 sanserit
946 1541 1174 1596 nnnrorosurr
1199 1518 1412 1596 Episcopum
1435 1543 1598 1596 unsrun
1622 1543 1700 1596 assa
1724 1542 1769 1595 nu
1794 1543 1886 1598 axu-

547 1637 693 1698 mour
722 1641 1077 1696 instruunnrouunr
1109 1619 1354 1698 Dr1r1couunr
1376 1641 1617 1697 arnulfuscum
1641 1642 1737 1695 EST:
1773 1642 1883 1704 Quum

549 1733 664 1792 Nauio
683 1739 731 1804 ru
755 1743 833 1795 runi
858 1741 1014 1806 amount
1046 1742 1210 1794 Pnounun
1239 1740 1427 1794 toruum
1452 1768 1465 1803 ,
1502 1742 1608 1808 Quon
1629 1741 1881 1798 mrumslssr·

544 1833 628 1894 MS
653 1839 872 1922 perturbans
897 1842 1158 1903 attumulatur,
1183 1841 1252 1892 vat
1276 1841 1484 1894 exessum.

654 1940 754 2013 XIV.
782 1944 831 2014 Ac
840 1925 958 2016 uerita
968 1942 1217 2039 acquiescentes
1231 1940 1443 2016 Schismatici
1453 1941 1494 2014 ad
1506 1942 1757 2041 Imperatorem
1765 1942 1872 2017 redie-
1887 1943 2051 2037 isli-00²¹·

532 2055 654 2138 runt:
671 2065 744 2111 non
754 2046 842 2114 reete
853 2043 1068 2135 judicatum,
1088 2068 1199 2139 neque
1211 2048 1358 2115 omneni
1371 2040 1520 2116 caussam
1536 2041 1690 2114 auditam
1704 2040 1765 2115 else
1784 2069 1868 2118 con.
1882 2023 2038 2163 glun·

544 2140 670 2250 questi.
723 2142 858 2214 Verum
877 2144 905 2214 is
913 2145 1032 2215 omnia
1045 2142 1177 2235 judicio
1206 2139 1427 2216 convocandi
1447 2144 1466 2215 i
1483 2143 1515 2216 se
1536 2143 1682 2215 Concilii
1701 2144 1863 2240 permisit.
1880 2101 2063 2266 cmxx

544 2235 702 2338 Visaque
712 2244 909 2334 Arelrtenfis
917 2246 951 2314 in
967 2245 1072 2316 Gallia
1085 2245 1204 2315 civitas
1213 2294 1224 2329 ‚
1247 2242 1306 2315 ubi
1320 2264 1403 2316 tunc
1412 2241 1633 2328 morabatur,
1649 2262 1747 2313 tanto
1759 2271 1865 2342 opor·
1882 2266 2031 2337 nitatur.

541 2353 636 2411 tuna
650 2344 804 2439 negotio.
849 2346 947 2416 Datis
959 2344 1063 2442 igitur
1081 2344 1182 2414 literis
1192 2341 1232 2412 ad
1242 2344 1439 2439 praecipuos
1449 2342 1617 2439 quosdam
1626 2339 1784 2418 Ecclefiae
1796 2348 1869 2419 Oc-

538 2435 726 2513 cidentalis
740 2441 929 2541 Episcopos
939 2443 1059 2516 invitat
1069 2469 1128 2514 eos
1138 2442 1179 2513 ad
1194 2441 1406 2516 Concilium.
1460 2447 1627 2517 Caeciliano
1643 2442 1747 2513 etiam
1765 2443 1871 2518 adesse

539 2533 637 2628 juffo
649 2590 661 2625 ,
676 2565 744 2612 una
755 2566 835 2613 cum
846 2550 1043 2643 Byzacena,
1055 2542 1285 2639 Tripolitana,
1298 2546 1532 2618 numidiarum
1542 2547 1870 2634 &Mauritaniarum,

536 2631 823 2740 singularumque
840 2645 1102 2718 Provinciarum
1114 2645 1238 2718 elestis.
1291 2641 1355 2718 Sed
1370 2647 1400 2718 δι
1415 2647 1596 2733 Donatistis
1611 2643 1774 2732 vocavit,
1795 2643 1872 2720 data

536 2742 729 2815 evectione
743 2743 882 2840 publica
896 2772 956 2843 per
968 2748 1120 2842 Africam
1136 2750 1165 2819 u
1182 2744 1507 2820 Mauritaniaminde
1525 2745 1566 2818 ad
1575 2746 1755 2842 Hispanias.

643 2897 727 2973 XV.
756 2907 911 2999 Quoque
920 2905 1060 2977 alacrius
1074 2905 1225 3000 undique
1234 2905 1863 2993 concurrerentomnes,Tnacr0nrns
1880 2880 2012 2983 xvu'qd

535 2988 682 3094 singulis
699 3000 803 3074 tribui
813 3005 955 3081 curavit.
1008 3005 1114 3087 Cuius
1123 3002 1286 3076 vocabuli
1297 3027 1408 3098 quum
1421 3004 1495 3074 &in
1506 2999 1721 3099 sequentibus
1739 3003 1862 3076 facien.
1876 2995 2017 3081 ‘Wdipss

535 3092 584 3167 da
599 3096 703 3170 nobis
714 3105 849 3174 mentio
871 3101 929 3189 sit,
953 3102 1049 3175 lubet
1066 3106 1154 3176 illius
1169 3103 1265 3175 usum
1277 3129 1315 3176 ac
1328 3100 1632 3201 fignificationem,
1654 3104 1690 3173 in
1706 3102 1861 3175 studiosae
1875 3080 2052 3237 3123χῦ0·

534 3194 734 3289 juventutis
742 3205 907 3301 gratiam,
930 3206 985 3276 hic
1000 3230 1188 3302 exponere:
1206 3205 1334 3303 quippe
1348 3202 1445 3300 quod
1457 3229 1530 3275 non
1542 3201 1858 3277 huicmodohillo-
1876 3236 2036 3301 mamis

532 3294 601 3369 riae
610 3347 623 3382 ,
646 3296 699 3369 sed
714 3304 743 3372 ἃ
756 3303 921 3375 universae
933 3306 1125 3401 antiquitati
1138 3307 1252 3376 lucem
1271 3305 1422 3400 aliquam
1434 3299 1588 3377 soenerari
1603 3322 1715 3402 queat.
1772 3304 1859 3377 Fue·
1871 3322 2050 3388 invitantur.

531 3415 622 3469 runt
643 3404 812 3478 aratoria
824 3406 1011 3502 Diplomam
1027 3407 1183 3503 publica,
1203 3430 1282 3501 quae
1302 3402 1470 3481 dabantur
1486 3402 1591 3477 millis
1605 3407 1661 3477 vel
1676 3407 1828 3477 evocatis
1841 3405 1860 3475 it
1874 3399 1942 3471 ΕΛ»
1961 3402 2046 3480 pud.

530 3492 717 3598 =Principe,
735 3505 834 3578 cursu
861 3505 1004 3602 publico
1031 3503 1230 3588 utentibus,
1256 3503 1426 3599 adscriptis
1447 3504 1552 3574 etiarn
1576 3505 1721 3589 stativis,
1738 3503 1771 3574 id
1791 3505 1858 3593 ell,

533 3590 1050 3692 diversoriisumanfionibus,
1071 3602 1554 3702 quibussumptibuspublicis
1565 3606 1742 3677 alerentur.
1768 3606 1860 3677 Tan-

530 3712 586 3785 iae
603 3728 722 3782 autem
734 3706 969 3780 aestimationis
983 3709 1059 3780 talia
1070 3730 1163 3779 erant
1176 3708 1374 3798 Diplomata‚
1383 3698 1499 3776 ¹utneit
1507 3703 1775 3801 proconsulibus
1785 3706 1859 3801 qui-

525 3806 622 3909 dem
633 3859 645 3897 ,
660 3807 784 3907 absque
798 3808 1020 3905 Imperatoris
1042 3806 1228 3891 consensu,
1258 3805 1328 3880 dari
1342 3804 1440 3876 solita
1459 3801 1593 3877 suerint.
1636 3805 1756 3878 Fidem
1776 3805 1858 3878 huic

525 3907 775 3987 observation'.
802 3906 882 3982 facit
903 3906 1047 3980 sollicita
1069 3908 1125 3981 illa
1139 3912 1239 3981 Plinii
1246 3905 1338 4005 apud
1352 3906 1527 3993 Traianum
1537 3904 1735 3986 excusatio,
1758 3904 1856 4001 quod

525 4008 643 4087 uxori
658 4009 726 4084 suae
741 4060 754 4097 ,
770 4008 883 4082 audita
896 4028 1010 4080 morte
1025 4008 1081 4079 avi
1095 4005 1288 4081 adamitam
1296 4031 1474 4081 excurrere
1483 4005 1615 4078 volenti
1628 4062 1638 4093 ,
1657 4005 1854 4079 inconsulto

526 4110 771 4211 Imperatore,
789 4107 1025 4187 eornmusum
1035 4106 1256 4181 concessisset.
1307 4107 1682 4209 sffqueinlitteterupus⁸
1701 4111 1856 4193 Domine,

522 4236 636 4313 aeque
650 4218 819 4313 cuiquam,
842 4210 889 4285 lic
904 4208 1019 4284 scribit
1034 4206 1111 4283 Lib.
1126 4236 1160 4283 x.
1179 4210 1279 4303 Epist.
1302 4233 1390 4283 cxxi
1400 4230 1431 4282 1.
1485 4208 1673 4304 Diplomara
1687 4211 1859 4281 commoda-

522 4318 595 4403 vt,
618 4338 719 4415 neque
733 4320 767 4386 iu
779 4314 947 4387 ramulam
954 4308 1011 4402 nis
1015 4330 1107 4386 tuam
1117 4310 1187 4403 »rifi
1192 4339 1220 4395 ‚··
1233 4335 1330 4410 quam
1341 4326 1520 4403 perpetuam
1524 4308 1739 4400 servationem
1756 4332 1874 4382 meam·

522 4425 673 4531 quadan
687 4418 845 4515 necefflrar
858 4416 955 4510 rupit.

524 4592 544 4609 ἡ
1117 4512 1151 4584 G
1179 4536 1203 4612 g
1227 4536 1250 4611 g
1274 4534 1297 4611 g
1596 4590 1599 4595 ,
1755 4506 1857 4583 XVI.
