4909 5425
671 510 737 585 nr
776 507 1046 584 Phoroneas
1090 520 1214 578 rur-s
1261 508 1433 584 Leaen.
1671 540 1724 603 ης

380 631 420 709 &
441 629 481 709 id
565 650 632 706 nus
668 626 732 703 alia
769 627 1000 726 praediceret;
1026 628 1185 701 maxime
1222 638 1343 704 autem
1383 631 1546 731 polluisse
1583 633 1725 715 scientia

378 753 515 909 angpra
534 735 552 802 “.
605 727 647 805 In
669 723 821 801 eandem
839 723 1048 803 sententiam
1069 737 1204 800 veteres
1226 725 1388 827 plerique
1411 753 1540 809 omnes
1562 750 1657 811 eunt.

480 824 628 907 XXV.
655 822 890 902 inficiandum
915 836 1035 899 tamen
1058 844 1135 899 non
1152 823 1225 909 ess,
1251 846 1334 899 eum
1370 849 1583 906 vnoeunrrn
1618 833 1719 911 dono
1734 858 1857 927 xxxv

379 926 481 1007 huffe
501 925 720 1028 praeditum,
745 943 791 996 eo
816 934 981 1035 tempore
1000 943 1076 1021 quo
1096 919 1170 998 Dei
1191 924 1354 1019 cognitio
1377 918 1416 998 iri
1434 923 1533 1039 Syria
1552 930 1719 1010 nondum
1732 941 1837 1017 Sea&
1855 905 1908 1005 ‘o-
2046 920 2055 949 ¹

378 1028 528 1129 penitus
555 1022 770 1100 exoleverat.
818 1019 994 1114 Quamvrs
1016 1021 1114 1094 enim
1136 1018 1258 1095 multis
1285 1020 1488 1121 impostuns
1518 1025 1554 1099 δι
1577 956 1891 1107 fallacissima·

378 1129 433 1205 uti
459 1122 707 1205 consueverit,
733 1141 754 1193 a
778 1116 865 1195 Deo
894 1130 1034 1208 tamen,
1058 1139 1137 1192 non
1163 1139 1183 1191 a
1216 1118 1436 1210 daemoniis,
1472 1121 1660 1202 consrlium
1685 1128 1723 1205 da

378 1224 648 1328 praenotionem
675 1216 785 1293 sururi
815 1217 917 1315 petiit
941 1238 982 1291 ac
1020 1215 1232 1292 consecutus
1257 1214 1337 1292 est:
1365 1217 1534 1321 Deosque
1567 1247 1651 1300 eum
1683 1231 1724 1304 irr

378 1322 518 1400 visione
538 1317 710 1396 nosluma
727 1335 803 1390 non
827 1315 945 1389 minus
966 1310 1182 1389 familiariter
1201 1314 1396 1412 compellat
1420 1340 1529 1418 quam
1554 1345 1668 1400 unum
1700 1350 1722 1402 e
1829 1355 1831 1359 ·

379 1422 488 1499 servis
521 1419 615 1509 suis;
643 1426 798 1491 attamen
824 1413 862 1486 in
890 1412 957 1487 hac
988 1410 1103 1487 solum
1133 1433 1173 1487 re
1206 1412 1415 1511 particulari.
1468 1416 1663 1498 Prudenter
1703 1447 1724 1501 a

382 1522 521 1597 Calvim
544 1515 767 1593 observatum
787 1511 860 1595 est,
886 1506 1032 1585 voluisse
1059 1508 1183 1590 Deum
1202 1511 1288 1587 tales
1306 1512 1438 1591 exstare
1466 1518 1558 1593 inter
1597 1533 1722 1620 gentes

380 1618 568 1723 profanas,
594 1625 635 1689 ut
655 1613 694 1686 in
718 1610 873 1686 tenebris
893 1607 1050 1685 scintillae
1070 1609 1194 1708 aliquae
1214 1610 1304 1686 lucis
1326 1613 1520 1701 micarent,
1548 1630 1654 1720 atque
1674 1623 1723 1697 ita

380 1719 570 1797 tolleretur
595 1710 806 1811 ignorantie
837 1705 1027 1782 excusatio.
1076 1706 1269 1785 Praesertim
1305 1708 1343 1785 sd
1377 1715 1531 1811 contigit
1563 1730 1644 1792 ante
1669 1719 1723 1794 le·

381 1842 467 1920 gem
493 1815 638 1891 datam:
664 1811 747 1908 quia
768 1804 936 1885 nondum
960 1804 1028 1881 hac
1047 1817 1136 1883 nota
1161 1806 1261 1885 Deus
1289 1806 1441 1887 eleslum
1467 1814 1647 1913 populum
1676 1817 1721 1893 ab

382 1916 505 1996 alienis
524 1909 740 1987 discreverat

429 2003 652 2094 xxxvl
676 2003 777 2107 justo
807 2002 954 2081 ulterius
977 2004 1142 2106 procedit
1174 2012 1333 2105 origenes,
1359 2008 1561 2105 conjectans
1591 2015 1716 2115 quod,
1733 2029 1877 2102 xxxur.

380 2115 473 2195 sicut
495 2106 691 2220 prophetiae
714 2102 901 2218 Bileamia
921 2104 1026 2218 Mose
1049 2105 1150 2179 sacris
1177 2103 1256 2179 sunt
1285 2105 1419 2182 insertae
1446 2109 1715 2200 voluminibus,
1730 2111 1818 2173 Man
1828 2115 1895 2178 Ori·

381 2238 431 2292 eo
447 2210 563 2310 magis
581 2203 761 2302 descrrptae
780 2199 917 2316 suerint·
931 2203 976 2277 ab
997 2225 1039 2277 ns
1092 2204 1131 2275 ui
1159 2212 1248 2277 tunc
1279 2206 1486 2283 incolebant
1511 2207 1810 2326 Mesopota-⁸⁰¹2
1824 2188 1908 2288 Mis·

380 2315 518 2397 msam,
543 2302 639 2406 apud
672 2323 765 2402 quos
797 2323 855 2376 ma
882 2299 1006 2376 msicus
1037 2298 1081 2374 ha
1109 2298 1256 2386 ebatur,
1281 2301 1318 2376 &
1350 2326 1443 2403 quos
1467 2308 1603 2383 constat
1635 2263 1884 2406 artisssmffi‘

383 2415 458 2511 ejus
476 2402 575 2485 sitisse
595 2400 799 2500 discipulos.
850 2324 957 2476 finde
973 2419 1084 2498 porro
1104 2396 1226 2484 infert,
1252 2421 1298 2475 ex
1320 2423 1365 2477 eo
1385 2400 1583 2503 Magorum
1602 2429 1716 2506 genus
1731 2439 1796 2480 eum
1806 2360 1883 2485 risen

385 2504 701 2589 &institutionem
728 2499 949 2613 inpartibus
984 2497 1145 2578 Orientis
1174 2493 1341 2597 viguisse;
1369 2501 1430 2602 qui
1462 2501 1632 2605 descripta
1655 2508 1850 2655 importes·

385 2611 510 2688 bentes
530 2598 629 2705 apud
648 2597 682 2675 se
702 2620 827 2674 omnra
853 2619 933 2696 quae
942 2596 1227 2772 prophetaverat
1246 2596 1387 2676 Balaam
1398 2647 1411 2685 ,
1436 2602 1544 2678 etiam
1561 2603 1635 2682 hoc
1656 2605 1719 2681 ha·
1742 2570 1862 2669 ΜΨ

386 2710 539 2787 buerunt
558 2700 729 2799 scriptum
751 2693 861 2810 quod·
873 2695 920 2770 de
972 2694 1040 2773 ella
1061 2718 1107 2771 ex
1128 2693 1270 2795 Jacobo
1288 2698 1440 2775 oriunda
1459 2700 1496 2776 &
1515 2700 1653 2803 sceptro
1672 2725 1720 2781 ex

384 2806 504 2889 lsraele
526 2793 736 2920 processuro
757 2797 966 2871 vaticrnatus
987 2794 1045 2872 est
1099 2792 1185 2872 Haec
1203 2816 1317 2894 quum
1341 2797 1512 2874 haberent
1526 2823 1641 2897 penes
1663 2799 1721 2877 se.
1763 2795 1767 2801 .

385 2908 418 2986 se
436 2904 564 3005 Magr,
590 2897 676 2974 hinc
704 2892 832 2970 setium
854 2889 943 2979 esse,
970 2905 1011 2969 ut
1039 2906 1124 2969 nato
1150 2891 1231 2993 Jesu
1258 2895 1470 2991 agnoverint
1502 2897 1659 2984 stellam,
1684 2898 1724 2974 &a
1804 2949 1807 2954 .
2007 2897 2012 2934 ³

385 3000 626 3084 intellexerint
658 2992 845 3092 adimpleri
876 2991 1133 3092 prophetiam,
1169 2990 1294 3065 melius
1327 3013 1435 3092 quam
1467 2992 1537 3091 ipse
1567 2994 1724 3094 populus
1759 3013 1765 3022 ·

386 3101 609 3186 lsraeliticus:
635 3093 794 3193 ideoque
811 3085 959 3177 venisse,
986 3090 1260 3202 &requirentes
1290 3110 1374 3165 eum
1407 3088 1524 3166 statim
1554 3089 1719 3171 adoraffe.

387 3203 454 3283 Sed
478 3201 556 3278 haec
580 3197 734 3277 incerta,
760 3201 820 3266 aut
843 3188 1068 3306 potiusfalsa
1092 3193 1178 3263 lunt.
1229 3185 1318 3302 sion
1345 3187 1445 3304 enirn
1472 3189 1568 3290 apud
1599 3189 1722 3294 prosa·
1878 3213 1887 3238 ¹

385 3309 672 3480 traaas.
687 3286 1061 3505 tattaeus
1076 3284 1150 3499 as
1169 3282 1511 3500 esthaul„
1535 3387 1719 3490 m,
1733 3395 1892 3466 aa„

408 3501 445 3578 ui
466 3516 595 3598 parum
617 3486 712 3566 abest
739 3510 828 3589 quur
852 3484 1051 3564 Brleamum
1073 3506 1111 3560 m
1159 3482 1300 3561 radrbus
1327 3487 1525 3586 prophetiae
1545 3490 1608 3590 ipsa
1632 3489 1719 3569 Mo-
1731 3477 1820 3570 Mare

385 3527 409 3680 s
428 3597 658 3699 equiparent
689 3588 927 3686 ·Argutantur
955 3583 1057 3684 super
1085 3506 1180 3657 diso
1206 3581 1488 3662 Deuteronomii
1508 3609 1641 3666 xxxrv.
1661 3615 1715 3668 ιο.
1730 3553 1905 3694 ww·

386 3711 456 3779 No.
469 3697 615 3794 smmis
631 3686 774 3782 propbeta
793 3686 926 3779 amplius
951 3706 992 3761 m
1018 3690 1144 3761 lsurer
1163 3679 1248 3774 ficut
1267 3682 1376 3775 Moses.
1428 3685 1516 3763 Non
1539 3696 1573 3762 in
1600 3693 1714 3780 lsrael,
1731 3651 1877 3772 denium

385 3799 576 3884 inuiunt3
604 3785 664 3863 sed
683 3794 717 3860 in
734 3785 853 3879 populis
871 3784 983 3859 murali
1002 3779 1159 3855 surrexit
1209 3776 1255 3857 Et
1276 3780 1355 3879 quis
1379 3780 1467 3859 ille?
1491 3785 1636 3864 Bileant.
1668 3788 1716 3864 At
1731 3783 1905 3869 Mrstaeque·

384 3922 440 3977 me
456 3897 510 3972 ‘us
534 3885 731 3966 observavit
749 3882 789 3961 R.
807 3882 894 3960 Levi
913 3880 989 3959 Ben
1007 3876 1165 3965 Gerson,
1191 3879 1314 3956 multis
1362 3882 1493 3960 artibus
1514 3883 1716 3960 Bileamum
1727 3875 1846 3938 parans

384 4021 460 4076 non
482 3985 587 4072 Mose
605 3983 746 4098 solum,¹
769 3979 827 4095 sed
850 3979 886 4053 de
907 3979 1050 4078 reliquis
1081 3974 1211 4092 Israelis
1239 3903 1421 4078 propsetis
1451 3977 1547 4058 suisse
1573 3981 1719 4056 inserin-

386 4121 487 4173 rem=
512 4093 591 4166 imo
611 4084 653 4160 iis
673 4083 766 4157 vrtirs
788 4076 957 4155 rnsamem
970 4130 982 4168 ,
1008 4094 1087 4175 quae
1112 4075 1304 4178 rndrgnum
1327 4077 1461 4157 faciunt
1486 4091 1527 4155 ut
1550 4077 1720 4155 honesto·

390 4219 468 4272 rum
488 4192 650 4266 virorum
673 4179 836 4278 catalogo
862 4174 1038 4254 inseratur.

438 4277 703 4372 xxxvnl
727 4278 956 4357 Puoeuerrrs
980 4271 1070 4386 illius
1092 4273 1194 4372 quod
1219 4276 1368 4362 attinet,
1395 4299 1481 4379 quas
1514 4298 1716 4355 memorare
1729 4318 1899 4400 mm

390 4383 551 4497 dignatds
573 4383 623 4460 eu
643 4376 785 4462 Moses,
811 4385 972 4474 enarrant
997 4371 1143 4474 qurdem
1178 4371 1245 4448 illae
1274 4372 1343 4450 sata
1367 4375 1493 4475 populi
1517 4374 1713 4465 israelitici,
1730 4401 1883 4482 tropaea.

388 4496 619 4666 thamin-squ}
626 4479 830 4560 donorum
849 4473 1097 4580 populorum
1122 4467 1256 4648 asipuid
1283 4473 1391 4553 eriam
1414 4473 1461 4552 de
1482 4469 1604 4654 Messgp
1627 4499 1715 4578 prae.
1728 4482 1855 4634 aas*

522 4611 582 4664 Μ
615 4635 626 4660 ·
1603 4593 1715 4667 cunta
