4909 5425
844 518 906 602 De
930 543 970 599 ιν
994 521 1178 598 Beatus
1203 519 1438 599 Dentatis·
1718 528 1791 616 465

510 643 574 721 rita
593 648 725 747 generis
746 634 901 735 ratione,
919 648 979 747 qui
999 644 1152 744 praeeffet
1166 646 1260 721 vallo
1288 644 1542 745 AEgyptiorum
1564 666 1695 744 regno,
1716 650 1795 719 ller-

510 744 796 845 ireeniurt-,squenr
813 748 870 819 alii
886 748 982 820 aliter
1005 765 1157 833 vocant,
1174 747 1348 845 elegerunt
1369 776 1380 829 ς
1410 743 1582 841 suumque
1600 743 1791 820 exercitum

510 846 705 957 wne,
721 847 804 944 qui,
819 843 1208 945 asuisplagioabdutli‚
1233 844 1365 918 Christo
1380 843 1551 944 abnegato
1566 842 1790 918 circumcide-

510 964 606 1035 rtur,
620 964 791 1047 perpetuo
798 946 1025 1021 instaurarunt
1035 994 1047 1031 ‚
1069 944 1263 1043 &impense
1274 962 1465 1033 auxerunt,
1483 944 1556 1044 lege
1564 941 1668 1029 latia,
1687 968 1732 1015 ne
1745 941 1788 1016 ad

510 1070 621 1145 num,
630 1070 719 1120 neve
729 1046 767 1118 in
774 1047 930 1119 militum
938 1042 1098 1118 ordinem
1111 1042 1370 1117 admitterentur
1388 1044 1463 1130 alii,
1486 1038 1593 1141 quam
1610 1043 1670 1140 qui
1688 1042 1783 1119 Cleri·

510 1150 569 1221 ets
580 1145 777 1246 parentibus
798 1146 888 1233 nati,
905 1148 936 1219 ἀ
954 1145 1134 1230 Christiana
1145 1144 1311 1243 religione
1326 1142 1477 1228 imbuti,
1493 1141 1608 1239 postea
1629 1143 1783 1218 Maha-

510 1236 764 1347 ienteligioni
773 1244 838 1318 sese
854 1242 1115 1323 obstrinxill'ent.
1164 1244 1276 1339 Atque
1289 1243 1380 1316 itahi
1393 1241 1587 1316 Christianae
1605 1243 1780 1343 religionis

510 1342 988 1443 ffertorefflgyptovicinisque
996 1341 1196 1443 regionibus
1205 1367 1267 1440 per
1277 1368 1386 1416 annos
1395 1365 1482 1421 ccrx
1489 1342 1594 1439 potiti
1607 1340 1704 1431 sunt,
1731 1368 1781 1416 re-

510 1442 636 1549 egestie
649 1442 833 1521 clariffimi.
879 1447 1007 1519 Donec
1020 1468 1080 1540 per
1090 1445 1243 1517 Selimune
1251 1446 1410 1517 annoclo
1427 1443 1557 1516 laxvn
1576 1442 1685 1535 vicli,
1702 1440 1781 1515 orl.

510 1550 595 1623 erne
618 1542 797 1630 cefferunt.
848 1549 929 1636 Qra
961 1540 1003 1615 de
1024 1566 1060 1614 re
1093 1541 1226 1617 consuli
1250 1542 1362 1642 potell
1382 1543 1509 1637 Jovim
1536 1540 1609 1626 Lib.
1642 1565 1779 1622 xvrtr.

510 1668 595 1727 11¹.

557 1745 676 1819 XXV.
703 1745 909 1824 lconrrnsrs
928 1747 1118 1842 calipham
1134 1739 1356 1817 fundamenta
1382 1744 1596 1835 Curinnuses,
1616 1730 1964 1893 Tenenti-algae*

510 1850 705 1946 tinguatur,
722 1845 815 1936 jecit.
852 1842 965 1935 Cujus
972 1844 1063 1919 filius
1073 1847 1294 1930 solimannus,
1309 1849 1421 1919 Nirea
1435 1863 1624 1943 occupata,
1645 1851 1948 1971 Byzan-leonum

510 1942 762 2041 mlmperium
771 1942 927 2041 undique
940 1945 1119 2033 laceravit,
1136 1949 1264 2018 &cur'n
1275 1944 1470 2039 Goihnsrede
1484 1946 1663 2038 Belimenss
1678 1971 1777 2018 varro

510 2066 572 2123 rrte
580 2044 699 2117 aeeiter
710 2042 898 2134 dimicavit.
948 2044 1126 2143 Pronepos
1137 2048 1209 2139 ejus
1221 2045 1448 2140 Cliznlblnner
1456 2048 1638 2121 Mennelnn
1647 2054 1779 2118 Comne-

510 2147 580 2223 rein
595 2142 745 2217 summas
755 2142 1073 2244 redegitangullias:
1089 2146 1194 2242 inque
1204 2147 1376 2243 Phrygiam
1385 2146 1490 2245 usque
1498 2164 1690 2245 penetrans,
1704 2168 1781 2239 em-

510 2272 564 2321 aus
577 2243 710 2317 Graecis
720 2244 911 2316 maximum
921 2242 1058 2315 incuffit
1069 2263 1249 2318 terrorem.
1303 2246 1367 2320 Sed
1376 2245 1473 2343 quod
1486 2248 1574 2318 inter
1583 2241 1781 2341 quatuorfi-

510 2369 642 2421 somne
656 2342 981 2440 Imperiumultima
995 2344 1177 2416 voluntate
1197 2344 1442 2444 dispescuerat,
1463 2344 1618 2419 distractis
1639 2346 1687 2418 illi
1702 2344 1782 2416 viri-

510 2444 663 2543 rexiguo
673 2442 788 2539 postea
796 2441 923 2514 robore
936 2441 985 2515 uli
995 2442 1081 2515 sunt.
1132 2444 1256 2542 Nepos
1278 2448 1379 2539 hujus
1389 2445 1434 2516 eli
1453 2448 1631 2532 Atacinus,
1646 2442 1706 2543 qui
1733 2467 1784 2515 re-

510 2568 570 2621 trm
584 2542 740 2635 iconiense
752 2540 947 2616 admodum
956 2541 1118 2616 dilatavit.
1161 2545 1276 2640 Hujus
1284 2543 1395 2633 filius,
1410 2547 1659 2639 Gajamdinm
1675 2568 1783 2641 quem

510 2643 687 2719 rillianunr
698 2640 1148 2730 suilleHistoricitellantur,
1165 2645 1221 2718 illa
1233 2663 1392 2746 tempora
1400 2646 1536 2748 attigit,
1559 2645 1685 2745 quibus
1702 2652 1778 2719 rar-

510 2749 549 2834 i,
569 2743 679 2841 copiis
697 2742 733 2813 in
748 2762 899 2840 quatuor
912 2742 1034 2815 mundi
1049 2744 1162 2844 plagas
1177 2746 1353 2845 explicatis
1367 2798 1379 2835 ‚
1402 2749 1509 2847 longe
1521 2750 1660 2822 celeriirs
1670 2771 1777 2842 quam
1867 2745 1870 2752 ’

510 2843 644 2922 exundet·
657 2841 746 2914 olim
762 2849 919 2940 Magnus,
939 2845 1130 2941 Praecipuae
1145 2845 1239 2918 orbis
1257 2867 1387 2943 partes,
1408 2848 1564 2942 interque
1580 2848 1708 2941 reliqua
1727 2871 1776 2916 re-

510 2946 740 3023 rSnItanntunr
750 2945 854 3016 etiam
865 2948 965 3017 Iconii
974 2945 1011 3016 in
1020 2949 1130 3024 Caria,
1144 2941 1260 3017 frustra
1268 2946 1465 3034 reluctante,
1478 2944 1695 3020 &infeliciter
1704 2944 1775 3016 acie

510 3042 636 3150 ngrello
651 3043 880 3136 cajacadrn,
898 3042 959 3116 fibi
972 3042 1212 3117 submiserunt.
1696 3049 1700 3058 '

556 3145 694 3220 XXVI.
722 3146 1004 3224 Orflontnmcre
1029 3144 1205 3236 Dynaliiae
1218 3170 1270 3218 res
1278 3145 1433 3218 notiores
1448 3143 1581 3220 caeteris
1595 3145 1682 3219 sunt.
1732 3142 1773 3216 Ei
1788 3155 1962 3233 xwiy-

510 3243 795 3328 crannumclarr
805 3267 820 3317 1
831 3243 970 3316 initium
979 3242 1072 3315 dedit
1084 3246 1213 3337 osmeri,
1229 3243 1298 3319 live
1312 3252 1442 3333 Onnnn,
1453 3245 1511 3342 qui
1522 3270 1595 3317 non
1604 3243 1773 3317 srnesom-
1785 3233 1879 3328 nastin
1889 3237 1962 3298 ΟΝ)-

510 3369 602 3424 ntem
612 3348 732 3418 omine
743 3362 861 3429 natur,
876 3346 1011 3518 eligunt
1025 3339 1111 3416 Aliae
1126 3346 1273 3419 minoris
1284 3348 1482 3443 provincias
1501 3346 1711 3442 occupavit,
1734 3368 1774 3416 ac
1785 3335 1915 3382 mm·

510 3445 711 3546 'emregiain
721 3439 837 3542 posuit
845 3442 913 3517 inu

510 3547 576 3624 rin
597 3545 724 3619 urbem
736 3544 876 3616 rnractae
890 3543 1174 3643 Hadrianopolim,
1190 3542 1311 3617 deinde
1327 3544 1436 3644 ipsam
1453 3546 1779 3641 Constantinopolim,

510 3640 846 3752 peratoriamsedem
861 3644 1118 3732 transtulerunt,
1140 3643 1237 3743 quod
1257 3643 1386 3719 latium
1402 3671 1495 3719 anno
1515 3647 1573 3719 clo
1587 3665 1712 3723 ccccm
1723 3667 1737 3717 1
1748 3669 1779 3720 1.

510 3773 570 3826 rm
582 3745 785 3822 nahmen
802 3742 930 3820 Ileanr
944 3743 1070 3820 urbem
1088 3742 1317 3844 expugnasset.
1357 3745 1487 3819 Eadem
1514 3746 1782 3821 Orhnnnidarum

510 3849 584 3924 tilia
594 3845 704 3920 adhuc
711 3842 816 3918 hodie
829 3843 919 3918 inter
928 3851 1043 3922 linear
1051 3847 1221 3945 regnatrix
1228 3844 1293 3926 este
1318 3862 1420 3944 atque
1436 3844 1535 3936 inde,
1554 3844 1650 3945 quod
1665 3868 1782 3941 recep-

510 3949 627 4026 imum
635 3945 765 4046 ubique
778 3994 792 4032 ,
815 3951 921 4021 Perea
935 3950 1159 4022 Oetomannicae
1168 3970 1310 4017 nomen.

553 4045 708 4122 XXVII.
735 4045 806 4118 Her
825 4044 941 4144 itaque
959 4066 1108 4145 quatuor
1123 4044 1302 4138 Dynalliae
1312 4044 1378 4138 (ut
1394 4044 1485 4119 unde
1508 4044 1647 4118 divertit
1662 4043 1775 4116 nollra
1790 4039 1912 4103 xxvn.

510 4147 598 4224 ‚dem
617 4163 807 4221 revertatur
821 4148 961 4244 oratio)
976 4172 1037 4246 per
1052 4163 1189 4248 quatuor
1203 4145 1305 4240 hujus
1315 4145 1432 4219 Bestiae
1446 4152 1568 4246 capite,
1580 4142 1774 4220 commode
1786 4116 1915 4256 mx?
1952 4236 1964 4250 .

510 4249 600 4350 elligi
624 4243 719 4346 poll'e
740 4242 932 4321 videntur:
960 4247 1040 4319 licet
1065 4248 1150 4321 certi
1176 4244 1239 4318 effe
1265 4269 1341 4319 non
1363 4244 1550 4344 pollimus,
1570 4271 1688 4319 annon
1711 4244 1774 4315 alia
1786 4280 1861 4356 cepit
1870 4219 1964 4343 ὦ,

510 4375 567 4424 auc
582 4345 748 4450 Dymllia
761 4345 877 4419 inille
902 4347 1039 4446 populo
1060 4349 1191 4420 oritura
1210 4343 1264 4423 fit.
1316 4342 1452 4420 sufficit
1473 4344 1534 4420 effe
1577 4364 1701 4420 uatuor
1718 4369 1773 4415 ca·
1785 4367 1902 4425 menne.

510 4447 671 4526 idonee
687 4449 827 4546 accipiet
846 4446 1058 4533 demittam.
1107 4447 1265 4520 Nam'&
1287 4446 1323 4520 id
1345 4442 1503 4526 securum
1569 4464 1775 4523 emonetur

563 4555 653 4626 ron.
681 4553 713 4627 1.
1126 4547 1165 4627 N
1189 4572 1214 4621 n
1236 4571 1261 4620 n
1670 4562 1777 4622 vates.

959 3444 1106 3536 ePrusa,
1129 3441 1198 3518 srve
1215 3446 1341 3537 Bnrfia.
1391 3449 1474 3541 Ejus
1493 3443 1775 3540 succellorespri-
1919 3449 1946 3506 '.
2093 3473 2097 3482 ·
