4909 5425
644 493 707 566 m
1012 418 1238 543 rtur.
1304 455 1586 543 crnxxt
1660 406 1722 525 ſs
1798 478 1809 489 -

589 616 619 629 ··
648 587 898 674 holocaustum
933 577 1084 668 offeret,
1120 578 1201 682 quis
1231 578 1403 679 pacifica,
1442 583 1521 682 quis
1555 605 1686 672 mane,
1723 585 1805 691 quit
1840 585 1997 692 vesperi„

649 697 731 796 quis
756 687 964 766 sacrificium
982 680 1177 780 jugularet,
1201 679 1282 780 quit
1307 679 1515 779 sanguinem
1538 682 1759 774 effunderet,
1784 689 1991 790 quie‘altate

652 793 893 873 exciueraret,
928 785 1007 886 quis
1042 775 1198 857 suffitum
1230 776 1370 855 laceret
1423 780 1572 859 Sortitio
1604 783 1664 862 illa
1701 786 1810 865 siebat
1839 789 1879 866 in
1910 811 1991 869 ooo·

655 891 747 972 clari
785 886 927 970 Gabith,
965 879 1067 983 quod
1107 878 1262 953 sormam
1288 900 1428 979 magnae
1470 879 1623 960 Rafilicae
1664 882 1832 967 habebat.
1884 884 1992 969 Valde

655 1003 776 1069 autem
806 983 1024 1086 expetebant
1047 974 1248 1054 sacerdotes
1274 990 1315 1053 ut
1333 979 1477 1071 fitffitum
1499 978 1565 1058 libi
1578 982 1686 1079 frore
1715 984 1867 1082 liceret3
1898 986 1992 1090 quod

655 1098 888 1188 compertum
921 1074 1005 1157 esset
1039 1076 1163 1153 omnia
1189 1076 1281 1152 bene
1313 1077 1350 1152 &
1384 1100 1432 1156 ex
1465 1081 1577 1156 animi
1602 1079 1776 1163 sententia
1807 1083 1991 1167 beceda

656 1170 1991 1369 5¹1stilullffiibboffifimfiliii-tebius&diffide-iffa}

657 1387 744 1462 rixae
772 1382 976 1470 orirentur;
1001 1385 1081 1450 tum
1101 1383 1141 1449 ut
1167 1371 1378 1460 doceretur,
1403 1397 1484 1452 eam
1511 1379 1570 1454 cui
1621 1402 1642 1456 e
1669 1384 1907 1462 vocationem
1930 1383 1987 1465 alt·

564 1512 568 1524 ·
658 1485 766 1564 criter
798 1475 1031 1564 obeundam,
1080 1484 1164 1548 narn
1189 1469 1294 1548 Deus
1318 1460 1422 1571 cujus
1447 1472 1570 1582 sors-e
1607 1480 1680 1565 ‚ei
1712 1478 1947 1562 demandari.

469 1618 628 1705 ww„
709 1579 772 1659 Vl.
797 1577 885 1658 Eam
909 1577 1029 1675 itaque
1053 1495 1278 1684 lundionem
1308 1574 1493 1688 qoumtin
1529 1579 1674 1672 Templo,
1703 1578 1742 1655 id
1768 1580 1820 1659 est
1846 1604 1888 1662 ea
1913 1582 1983 1663 a&

469 1721 489 1763 a
560 1704 618 1757 em
660 1681 763 1761 sacrae
787 1690 887 1779 parte
916 1695 997 1777 quae
1020 1671 1173 1750 sanatum
1202 1666 1356 1757 dicitur,
1381 1671 1509 1766 obiret,
1534 1672 1749 1769 Zacharias,
1771 1679 1866 1759 visus
1896 1683 1983 1761 eliel

469 1716 596 1873 iffi*
658 1780 797 1880 Angelus
834 1782 992 1860 Domini,
1019 1775 1106 1873 stans
1138 1770 1186 1844 ad
1218 1769 1366 1845 mamam
1402 1774 1510 1849 alrami
1533 1776 1667 1867 suffitus.
1730 1778 1880 1859 Solebat
1908 1783 1982 1861 olio

374 1934 381 1945 ·
468 1857 549 1922 'm‘
658 1879 764 1961 Deus
783 1872 1008 1953 voluntatem
1031 1870 1128 1947 suam
1151 1866 1324 1944 sacerdoti
1349 1890 1395 1945 ex
1416 1873 1506 1949 Area
1530 1872 1724 1954 insinuare:
1751 1901 1853 1957 nunc
1877 1894 1981 1960 auten

657 1977 756 2058 nulla
781 1977 891 2061 Arca,
925 1970 1067 2048 nullum
1092 1964 1292 2081 Oraeulum
1322 1965 1546 2069 loquebatur.
1597 1973 1668 2052 Sed
1697 2001 1717 2054 a
1744 1991 1848 2078 paret
1878 1981 1981 2083 Ange·
2023 2024 2025 2031 ·

657 2079 737 2165 lus,
764 2097 874 2176 quem
899 2083 982 2149 ante
1013 2069 1118 2145 istum
1153 2064 1251 2142 drem
1275 2087 1437 2166 unquam
1461 2091 1507 2146 eo
1530 2069 1619 2150 loco
1643 2000 1877 2178 confpetium
1899 2080 1981 2159 aud·
2023 2160 2025 2165 .

567 2188 571 2196 '
658 2191 784 2256 tumve
805 2168 902 2250 luisse
923 2171 984 2246 vix
1005 2165 1153 2246 constat.

418 2302 420 2307 ·
470 2292 616 2362 unmo-
710 2271 808 2355 Vll.
834 2271 867 2351 ls
888 2267 1070 2349 Zachariae
1103 2288 1151 2342 ex
1187 2262 1356 2344 Elisabeta
1379 2286 1517 2356 uxore,
1544 2270 1619 2367 jarn
1645 2271 1859 2374 grandem,
1885 2277 1982 2359 lilim

470 2380 631 2438 motam
662 2373 875 2479 pollicetur,
900 2370 964 2479 qui
983 2389 1060 2444 non
1082 2362 1148 2465 ipsr
1168 2363 1308 2450 solum,
1333 2363 1392 2441 sed
1419 2366 1458 2443 δι
1484 2366 1646 2469 plurimis
1667 2371 1865 2472 gaudio&
1886 2377 1984 2457 exsd·

471 2451 638 2609 222⁰·
655 2474 792 2565 :tationi
819 2470 959 2586 summe
988 2464 1096 2550 esset,
1132 2466 1234 2560 eujus
1260 2461 1391 2580 deinde
1421 2469 1604 2582 preclaras
1631 2469 1759 2588 dotes,
1794 2474 1835 2552 ἃ
1867 2479 1983 2557 exemp

612 2570 620 2590 '
661 2569 780 2652 officia
800 2562 1020 2646 dtserttffimo
1044 2563 1208 2640 sermone
1231 2575 1393 2661 expomt.
1434 2566 1591 2660 Quibus
1614 2572 1786 2651 ommbus
1811 2576 1983 2655 immomi

603 2654 606 2675 '
659 2693 761 2751 nunc
785 2690 865 2747 non
887 2667 938 2744 est
956 2664 1086 2742 otium.
1135 2660 1177 2741 ld
1201 2672 1330 2738 notatu
1355 2660 1529 2765 dignum,
1557 2673 1822 2770 apparitionem
1847 2676 1982 2780 Angeia]

657 2768 861 2850 nunciaturi
890 2764 1089 2846 mirabilem
1114 2772 1256 2876 partum
1284 2763 1432 2854 vetule,
1459 2766 1601 2865 pridem
1622 2769 1770 2861 sterilis,
1794 2773 1984 2877 bpientiffi·

491 2905 495 2912 ·
655 2894 744 2963 me,
767 2881 810 2947 ut
841 2867 986 2951 omnia,
1012 2887 1033 2942 a
1059 2861 1147 2942 Deo
1169 2858 1366 2938 adhibitam
1389 2860 1483 2956 elle,
1507 2879 1548 2943 ut
1578 2870 1757 2948 miraculis
1787 2874 1885 2954 circa
1909 2879 1986 2956 mt'·

657 2975 805 3048 uitatem
823 2965 904 3046 Filii
926 2964 980 3043 sui
1001 2987 1048 3043 ex
1069 2961 1218 3062 Virgine
1241 2960 1320 3076 jam
1343 2958 1500 3041 futuram
1530 2968 1740 3048 conciliaret
1759 2969 1886 3053 fidem
1933 2973 1986 3058 la·

658 3069 764 3148 cilius
799 3070 896 3143 enim
934 3064 1057 3143 credet
1089 3061 1216 3140 Deum
1247 3057 1461 3141 invisibilem
1497 3064 1654 3145 bumana
1690 3091 1797 3148 carue
1829 3075 1986 3154 indutum

658 3164 957 3268 conspiciendum
977 3162 1013 3239 se
1038 3162 1221 3263 prebere,
1249 3155 1273 3236 li
1304 3160 1385 3261 quis
1407 3163 1589 3265 Angelum
1620 3170 1753 3269 pariter
1784 3171 1985 3254 invisibiter

657 3276 906 3347 contueatur:
932 3263 971 3340 te
1003 3284 1067 3340 cur
1094 3259 1236 3337 dubitet
1265 3258 1444 3359 virginem
1475 3262 1693 3345 castissimam
1719 3267 1757 3346 ἀ
1784 3274 1986 3355 immacob.

654 3376 736 3443 tam
756 3364 927 3463 parturire
945 3358 1067 3461 porse,
1093 3361 1156 3461 qui
1175 3356 1347 3436 annosam
1367 3361 1539 3449 vetulam,
1564 3363 1726 3447 effoetum
1748 3368 1787 3447 be
1806 3373 1986 3476 gignendo

493 3540 497 3547 ,
657 3464 781 3541 liberis
800 3460 941 3639 prorsus
961 3460 1195 3575 inidoneam‚
1222 3480 1344 3558 parere
1367 3463 1574 3575 competit?

662 3560 801 3743 ,tt
820 3557 1638 3764 ,fermtertrametro
1654 3574 1989 3773 terrerem

477 3767 619 3848 taeemfie·
656 3764 750 3868 gelo
774 3760 916 3841 silentio
940 3772 1063 3877 mutus
1088 3756 1194 3871 sallue
1216 3755 1285 3840 est,
1313 3752 1357 3831 ad
1383 3779 1469 3836 eum
1501 3760 1610 3863 usque
1632 3765 1755 3856 diem,
1779 3795 1860 3875 quo
1891 3795 1988 3879 pepe·

475 3870 525 3945 ‘i'
534 3847 713 3945 Z“thamir
730 3863 769 3940 ei.
787 3883 884 3939 uxor
906 3854 1119 3962 promrlium
1143 3854 1269 3932 filium.
1320 3850 1408 3931 Non
1430 3866 1698 3944 contemnenda
1731 3893 1814 3971 pare
1837 3875 1988 3974 pruden-

473 3942 646 4083 mm*
663 3968 722 4043 tiae
747 3962 922 4062 justorum
944 3959 1015 4046 est,
1042 3951 1301 4069 abioneeDei
1327 3956 1421 4033 inter
1444 3959 1478 4037 le
1509 3964 1752 4057 contendere,
1821 3972 1987 4076 ospicien·

473 4085 537 4150 aas.
581 4146 592 4160 ,
664 4078 717 4143 ter
745 4085 791 4139 ue
825 4060 1009 4136 observare
1042 4069 1082 4132 ut
1102 4076 1233 4172 prunis
1262 4053 1498 4155 respondeant
1530 4062 1744 4161 postrema·
1769 3993 1876 4149 {lton
1910 4074 1988 4151 ado·

500 4203 530 4232 .-
591 4191 595 4204 ·
661 4087 760 4241 leodi
781 4156 938 4245 incensi,
968 4159 1141 4258 primarrae
1173 4165 1265 4268 mter
1294 4156 1521 4245 oblationes,
1546 4183 1592 4236 ex
1620 4162 1835 4264 Judaeorum
1858 4171 1987 4250 senten.

661 4264 737 4353 tia,
760 4257 945 4339 smmum
965 4256 1023 4334 eli„
1072 4253 1211 4369 lnceprt
1233 4266 1353 4334 autem
1377 4280 1464 4335 cum
1488 4259 1686 4357 ignorantia
1708 4268 1747 4344 ἃ
1766 4270 1989 4350 inadverten·

661 4364 738 4448 tia,
775 4355 968 4461 primisque
997 4352 1238 4434 sacerdotibus
1269 4354 1367 4433 cesbt
1390 4355 1630 4436 infelicissime.
1658 4362 1772 4446 Levit
1791 4393 1829 4451 rr.
1879 4369 1989 4451 situl

659 4459 776 4543 finem
795 4479 949 4564 uergens
969 4467 1134 4562 mrpuon
1158 4452 1430 4552 incredulitate.
1453 4478 1534 4560 quo
1557 4459 1718 4544 adolentt
1737 4469 1871 4571 iurgare
1892 4470 1988 4648 ιιΐιὲιίι

910 4644 920 4664 ,
1337 4621 1340 4628 ·
1918 4594 1938 4649 ἃ
1972 4613 1988 4634 ·
