4909 5425
820 500 887 576 Dr
919 476 1074 576 Noars
1112 506 1243 567 vano
1277 497 1577 572 prorum-m.
1704 476 1706 483 ’
1821 524 1877 587 ης

607 624 761 703 conium
786 621 945 724 prasenti
975 621 1145 721 prodigio
1170 620 1353 707 firmetur,
1380 624 1437 699 vel
1467 622 1678 724 exemplaris
1701 624 1870 704 Numinis
1883 627 2037 706 mimum

624 724 691 801 isia
713 720 871 800 adversus
902 734 1136 796 contumaces
1165 718 1391 815 exardescat;
1417 722 1550 798 mirum
1579 745 1658 799 non
1684 726 1755 810 est,
1780 724 1807 803 fi
1837 704 1963 803 issum

623 846 791 920 magnam
822 818 917 919 apud
950 818 1129 918 populum
1161 817 1405 894 auctoritatem
1437 818 1617 897 conciliet.
1668 820 1867 925 Fatendum
1880 782 2039 923 mhi„

632 925 700 1007 'm,
724 943 800 998 non
821 919 993 993 omnibus
1012 916 1198 1016 Prophetis
1218 916 1292 995 huc
1316 919 1537 1017 contingere,
1585 916 1630 997 Et
1650 921 1782 1020 quid-ii
1802 923 1865 998 ha·
1882 905 2004 1019 queraris

670 1021 731 1118 qui
755 1019 909 1118 primam
932 1015 1027 1090 suam
1051 1015 1280 1114 Prophetiam
1307 1017 1522 1116 exponunt?
1547 1019 1766 1118 inquorum
1787 1023 2008 1118 gra.grarram

618 1186 624 1199 .
669 1118 783 1193 ullum
817 1113 983 1190 hatienus
1008 1112 1137 1188 latium
1170 1114 1220 1190 eli
1250 1114 1493 1214 prodigium?
1516 1139 1675 1215 quorum
1701 1093 2041 1247 vaticiniaffl'zsl·

603 1238 796 1295 ueterum
826 1225 977 1298 eventu,
1002 1235 1120 1312 neque
1145 1211 1211 1288 alia
1233 1212 1387 1313 quadam
1408 1214 1564 1299 ratione,
1590 1239 1610 1290 a
1633 1214 1719 1294 Deo
1747 1216 1864 1297 adhuc
1879 1255 2004 1311 me..

681 1327 717 1391 ta
735 1312 841 1388 sunt?
872 1309 1061 1387 Sumanrus
1081 1309 1248 1411 Jelaiam‚
1275 1324 1336 1387 aut
1355 1310 1540 1398 Micham,
1566 1328 1627 1389 aut
1651 1313 1969 1414 Jeremiarn,1um¹.³

668 1438 689 1489 a
707 1411 792 1493 Deo
813 1409 857 1484 ad
878 1409 1168 1509 prophetandum
1190 1411 1332 1495 vocati,
1359 1413 1496 1509 primos
1526 1411 1570 1488 ad
1600 1414 1777 1512 populum
1800 1415 1868 1491 l'erss

558 1524 563 1534 '
592 1600 595 1607 ,
628 1536 666 1589 es
692 1509 883 1587 habebant.
935 1513 1008 1585 Aut
1032 1505 1170 1609 jonam
1197 1508 1399 1592 sumamus,
1427 1509 1472 1585 ad
1501 1508 1676 1588 Ninivitas
1706 1510 1870 1602 millum,

602 1608 729 1689 tultus
749 1611 792 1683 iis
809 1609 959 1681 exitium
978 1607 1193 1704 praedicaret
1247 1607 1455 1702 Quomodo
1477 1606 1529 1683 illi
1548 1606 1751 1689 missionem
1773 1613 1871 1695 suam

525 1733 602 1773 ψ.
636 1741 685 1774 ..,
737 1718 807 1790 nt,
847 1706 884 1779 δι
919 1704 1018 1780 ditiis
1049 1704 1117 1780 suis
1153 1704 1263 1781 sidem
1297 1705 1534 1783 conciliarunt
1562 1708 1658 1807 apud
1716 1713 1872 1811 opulum

520 1826 525 1890 ἰ
549 1817 568 1834 ”
591 1842 593 1848 s
613 1805 788 1885 ticum?
817 1803 1024 1898 Quomodo
1046 1802 1129 1893 hic,
1153 1803 1268 1880 homo
1287 1806 1513 1904 peregrinus,
1539 1733 1789 1905 potentihimae
1818 1814 1871 1888 ci.

534 1897 546 1926 ”
566 1918 634 2005 retr
649 1900 842 2006 -perbafit,
868 1916 909 1977 ut
934 1904 1109 1978 nuncium
1128 1901 1232 1979 suum
1283 1926 1325 1979 ro
1357 1904 1493 1981 coelesti
1523 1903 1671 1982 oraculo
1703 1907 1872 1986 admitte·

527 2093 530 2100 ,
557 2004 642 2081 nt?
668 2001 770 2099 Quid
790 2002 948 2078 criminis
974 1997 1113 2088 suisset,
1136 1999 1161 2076 li
1184 1998 1232 2076 lui
1260 2013 1324 2076 ent
1343 1999 1482 2079 caullati
1505 2003 1748 2103 explorandos
1771 2008 1871 2105 prius

584 2100 730 2203 ophetas
753 2100 790 2176 &
812 2099 1017 2199 prophetias
1038 2096 1129 2184 else,
1155 2099 1200 2174 de
1225 2102 1356 2199 quibus
1380 2100 1477 2177 nihil.
1491 2100 1572 2201 ipfis
1594 2102 1762 2180 haetenus
1783 2127 1872 2182 con·

557 2235 574 2266 l
589 2235 602 2268 a
637 2212 689 2291 t,
713 2210 793 2276 aute
821 2220 904 2274 uam
928 2199 1034 2296 pios,
1061 2195 1088 2272 sr
1111 2199 1191 2286 xis,
1214 2211 1251 2272 at
1276 2198 1453 2275 humanos
1485 2198 1631 2277 sortaffis
1665 2201 1872 2295 semones,

583 2333 592 2364 ·
624 2298 755 2375 summi
776 2331 793 2374 r
814 2298 946 2371 uminis
968 2294 1102 2371 distatis
1132 2297 1360 2394 reciperent?
1385 2296 1458 2375 Hic
1488 2321 1547 2374 me
1574 2299 1705 2377 haerere
1730 2300 1868 2389 fateor,

590 2399 772 2475 virinum
793 2396 882 2471 mihi
914 2408 1034 2494 patere
1067 2416 1137 2494 qua
1167 2393 1327 2471 evadam,
1376 2394 1633 2475 Dicendumne
1659 2399 1731 2486 eli,
1758 2398 1869 2477 Viros

556 2528 621 2574 rr<
651 2492 869 2593 Prophetico
895 2496 1041 2569 muneri
1065 2492 1228 2568 admovit
1253 2491 1377 2580 Deus,
1403 2494 1567 2593 sapientia
1595 2497 1787 2597 &pietate
1812 2500 1870 2573 in-

522 2609 584 2689 *cr
608 2618 672 2685 es,
696 2607 804 2692 atque
838 2594 886 2667 ita
925 2592 1063 2667 civibus
1095 2589 1164 2666 suis
1199 2591 1237 2667 ἀ
1268 2593 1499 2691 popularibus
1535 2609 1644 2672 notos
1680 2594 1803 2690 suille3
1830 2600 1869 2673 in

521 2698 525 2705 '
648 2690 747 2772 nulla
767 2690 905 2768 idcirco
928 2688 1059 2767 fraudis
1082 2688 1225 2768 caderet
1244 2689 1420 2791 suspicio?
1446 2691 1614 2774 Prodiille
1649 2694 1793 2772 eosdem
1823 2719 1870 2773 ex

605 2791 674 2872 olis
693 2789 978 2890 Prophetarum,
1002 2800 1109 2889 atque
1135 2787 1272 2866 ibidem
1306 2789 1526 2867 documenta
1557 2792 1738 2891 praebuille
1768 2797 1871 2870 sami-

597 2893 605 2908 '
642 2889 797 2969 sulcum
823 2887 909 2967 Deo
933 2890 1173 2966 commercii?
1199 2887 1407 2966 Contiones
1433 2888 1592 2986 ipsorum
1626 2893 1758 2989 primas
1789 2891 1870 2967 sun·

651 2985 750 3066 luisse
771 2989 808 3063 in
841 2986 998 3063 dothina
1029 2984 1209 3074 Mosaica,
1236 2986 1274 3061 ἃ
1305 2983 1517 3064 continuisse
1547 2990 1873 3087 increpationes&

619 3088 856 3172 minationes,
882 3085 940 3162 vel
959 3087 1183 3162 hortationes
1214 3086 1252 3162 &
1302 3081 1544 3173 romilliones,
1572 3109 1651 3187 quae
1672 3085 1705 3162 se
1765 3088 1868 3187 opuli

578 3185 756 3264 nscientiae
782 3185 980 3284 approbare
1008 3184 1236 3261 debuerunt?
1292 3182 1472 3260 tadsuille
1503 3207 1583 3262 eam
1618 3111 1763 3263 dicendi
1794 3210 1869 3263 ma·
1988 3268 1993 3277 ,

614 3297 690 3362 tem
709 3296 816 3385 atque
837 3280 1055 3367 efficaciam,
1082 3305 1192 3382 quam
1218 3306 1286 3358 nos
1314 3305 1413 3359 nunc
1437 3284 1542 3361 nobis
1575 3285 1628 3360 im
1676 3286 1762 3362 'nari
1790 3308 1869 3362 non

609 3406 740 3469 umus,
764 3382 824 3459 led
844 3405 953 3484 quarn
979 3379 1031 3456 illi
1058 3394 1178 3456 tamen
1203 3404 1281 3457 non
1305 3377 1494 3458 difficulter
1519 3384 1637 3459 anima
1663 3396 1868 3471 verterunt,

561 3477 664 3560 ''bus
684 3482 785 3559 licuit
803 3503 865 3556 eos
885 3479 1070 3580 praesentes
1089 3480 1181 3555 tueri
1200 3493 1308 3580 atque
1330 3479 1479 3556 audire?
1504 3480 1639 3582 Jonam
1656 3504 1743 3559 vero
1760 3481 1869 3560 Nini-

583 3581 613 3658 's
637 3581 777 3682 prolixe
798 3575 993 3680 exposuisse
1016 3602 1057 3657 ea
1082 3600 1162 3679 quae
1185 3577 1250 3654 fibi
1274 3581 1388 3654 inter
1415 3579 1618 3655 'versatione
1640 3602 1683 3658 ac
1706 3580 1789 3681 suga
1809 3580 1867 3658 sua

520 3683 745 3780 nituerunt,
797 3678 964 3755 uomodo
983 3702 1004 3755 a
1026 3690 1109 3754 ceto
1135 3677 1236 3753 absor
1263 3693 1319 3753 tus
1342 3699 1392 3777 po
1441 3677 1598 3754 triduum
1621 3691 1722 3755 terrae
1746 3679 1869 3756 reddi·

520 3783 592 3872 u
616 3775 746 3866 suerit,
838 3779 966 3852 iterato
1000 3772 1090 3873 jussu
1119 3777 1156 3852 in
1194 3701 1322 3852 urhem
1348 3775 1494 3851 tanrdem
1520 3777 1728 3876 appulerit:
1754 3777 1867 3877 idque

520 3889 629 3974 'm
651 3875 832 4054 abitt
848 3873 1040 4050 ,staltis
1070 3869 1530 4050 {adtitulati
1544 3875 1656 4051 ”hl
1682 3877 1868 4050 limi?

520 3975 827 4158 ffil'ermones
849 4070 901 4148 illi
926 4069 1129 4170 Prophetici
1148 4070 1285 4149 redum
1311 4072 1450 4147 virtutis
1482 3998 1680 4148 tramitemq
1693 3996 1868 4148 minim,

525 4183 636 4264 mt,
653 4196 732 4276 quo
756 4174 878 4250 evitari
899 4172 1150 4270 praenunciata
1170 4171 1410 4256 calamitates,
1434 4172 1492 4248 vel
1522 4172 1679 4248 obtineri
1699 4164 1868 4269 promissa

528 4271 631 4384 Qua
650 4267 793 4374 pollent
812 4295 823 4365 3
849 4263 1062 4346 tutissimum
1083 4281 1179 4346 certe
1202 4265 1323 4355 luisse,
1348 4270 1413 4361 iis,
1438 4271 1490 4345 uti
1508 4294 1527 4345 e
1549 4269 1650 4345 coelo
1674 4266 1867 4366 professis,

520 4369 690 4478 'dhre
710 4369 944 4470 obsequium,
969 4365 1090 4444 donec
1111 4367 1182 4470 ipsa
1203 4367 1238 4444 se
1264 4367 1332 4444 lata
1354 4368 1480 4445 clarius
1506 4365 1715 4466 explicent?
1740 4364 1868 4446 Enim·

520 4469 716 4580 modici
731 4469 957 4558 momnis
976 4463 1149 4570 poliunt,
1172 4467 1211 4546 dt
1258 4464 1392 4546 rosedo
1422 4465 1569 4569 pondut
1594 4463 1698 4546 suum
1720 4468 1904 4647 habgtettdr
1980 4513 2024 4584 .·''·
