4909 5425
606 539 671 588 nr
1040 466 1538 587 rrnrcrrxn
1651 560 1653 564 .
1778 520 1780 524 ’

612 627 998 810 οοηευῗΐεεηῑῐίςίΙξυξὶ
1023 629 1178 805 εὸὶυῐεῐί,
1204 628 1429 802 dignunsrque
1445 627 1495 803 dse
1532 628 1664 745 eodem
1695 629 1854 805 ,lugiffw
1885 654 1961 734 pra·

612 735 730 908 lala
749 750 1444 941 ,tintinant’vlinttiit
1465 750 1757 904 insaliri,
1770 754 1965 930 illasii

613 933 664 1006 tia
684 932 730 1005 ita
760 929 882 1003 omnia
912 926 1127 1025 dirigendo,
1154 938 1196 1001 ut
1217 924 1338 1000 multae
1362 923 1426 1024 rpsi
1458 924 1504 1001 ad
1529 925 1723 1004 errandum
1764 927 1962 1010 occasione

615 1028 867 1126 suggerantur3
896 1026 1024 1125 quibus
1047 1023 1219 1099 malitiose
1238 1036 1300 1099 aut
1321 1023 1525 1122 improvide
1550 1027 1721 1110 abutens,
1753 1026 1892 1129 &ipse
1913 1029 1963 1107 de.

603 1130 789 1225 -cipiatur,
818 1125 854 1198 &
867 1124 953 1200 alios
972 1122 1135 1221 decipiat.
1188 1120 1350 1200 Prosecio
1366 1143 1447 1196 non
1464 1120 1537 1199 fine
1557 1122 1631 1202 Dei
1648 1125 1895 1224 providentia
1909 1130 1962 1223 eit,

618 1226 721 1325 quod
741 1222 905 1299 dosiores
926 1219 1105 1297 mendacii
1128 1218 1216 1335 saepe
1239 1219 1393 1296 habeant
1414 1243 1473 1296 ma
1499 1245 1589 1298 num
1611 1220 1833 1321 ingenium,
1861 1228 1962 1305 erudi.

617 1329 782 1407 tionem,
809 1328 1041 1406 memoriam,
1068 1317 1246 1394 solertiam
1260 1342 1272 1412 ;
1294 1318 1372 1394 haec
1403 1342 1422 1394 a
1497 1343 1542 1397 eo
1569 1320 1715 1397 habent
1775 1322 1963 1428 Nequeli·

619 1445 666 1498 ne
686 1420 771 1500 Deo
790 1420 861 1506 est,
889 1418 991 1521 quod
1013 1441 1055 1494 ea
1078 1416 1359 1494 animadvertant
1381 1437 1461 1516 quae
1481 1421 1626 1495 materia
1653 1416 1816 1521 possunt
1841 1421 1910 1502 esse
1928 1456 1963 1499 o

621 1522 809 1612 orepavor,
833 1542 946 1622 eaque
967 1519 1010 1593 iis
1031 1518 1070 1593 in
1092 1528 1167 1592 tam
1188 1513 1356 1591 solertem
1379 1528 1541 1593 mentem
1565 1519 1735 1610 veniant,
1768 1545 1857 1698 thure
1879 1525 1963 1628 plau·

622 1618 767 1696 libiliter
786 1619 831 1695 ad
856 1619 983 1694 erroris
1008 1614 1252 1715 palliationem
1273 1612 1423 1713 proferri
1449 1612 1601 1712 possunt.
1656 1616 1752 1701 Haec
1827 1625 1905 1717 ita,
1926 1626 1965 1705 ii

623 1741 687 1820 par
709 1718 778 1804 est,
806 1715 1090 1801 commorentur,
1116 1711 1204 1790 nihil
1224 1716 1263 1787 in
1276 1724 1357 1788 toto
1380 1711 1495 1790 isthoc
1518 1713 1683 1793 sermone
1696 1719 1752 1795 est
1779 1722 1888 1821 quod
1908 1722 1967 1803 Va·

623 1819 718 1893 ritati
738 1817 774 1892 &
793 1815 951 1894 Bonitati
976 1811 1121 1892 Divinae
1142 1810 1327 1889 adversum
1351 1810 1415 1887 fir:
1443 1809 1501 1888 sed
1519 1814 1568 1890 est
1587 1813 1792 1897 declaratio
1821 1824 1967 1923 justila-

626 1916 711 1993 dicii
730 1913 805 1995 Dei
827 1919 865 1993 in
888 1938 950 1992 eos
973 1915 1037 2013 qui
1057 1912 1320 2010 tenebrasprae
1340 1908 1421 1987 luce
1446 1925 1576 1988 amant
1626 1910 1675 1992 lia
1698 1918 1915 1999 intentione
1931 1934 1967 2003 ut

626 2015 672 2092 ab
694 2038 818 2093 amore
840 2013 1019 2091 mendacii
1037 2011 1082 2088 ad
1104 2032 1268 2087 amorem
1289 2011 1443 2086 veritatis
1466 2024 1746 2106 convertantur,
1775 2021 1964 2125 justamque

627 2115 786 2192 numinis
803 2111 993 2191 vindictam
1014 2109 1200 2210 effugiant.

438 2232 576 2309 xvima
678 2211 798 2293 XVl.
825 2212 1002 2292 Prolixius
1035 2211 1218 2312 aliquanto
1249 2207 1327 2286 haec
1358 2164 1575 2310 exponenda
1606 2208 1785 2312 suerunt,
1813 2218 1969 2323 quando·

433 2323 601 2404 ,reremnu
631 2312 781 2415 quidem
801 2335 865 2390 arx
890 2306 1106 2388 difficultatis
1137 2307 1198 2383 hic
1230 2304 1291 2383 fita
1317 2321 1413 2385 erat:
1441 2312 1636 2387 incaeteris
1661 2336 1770 2396 nunc
1805 2321 1895 2398 licet
1917 2317 1970 2399 esst

426 2438 430 2447 ·
442 2416 489 2463 10.

461 2991 464 2995 ,
629 2905 747 3008 phetis
769 2904 959 2983 indulserat
975 2914 1016 2979 ut
1038 2904 1085 2979 ita
1106 2903 1361 2989 mentirentur,
1387 2905 1494 2980 etiam
1513 2905 1687 3005 praetenso
1708 2917 1882 2994 nomine

630 2412 865 2491 brevioribus.
916 2408 1110 2511 Jeremiam
1141 2404 1243 2508 quod
1272 2408 1426 2495 attinet,
1452 2409 1504 2493 is,
1530 2408 1677 2509 quando
1712 2418 1911 2520 populum
1942 2418 1969 2499 ὰ

628 2508 918 2611 Hierosolymam
939 2530 958 2583 a
981 2505 1067 2585 Deo
1087 2505 1260 2603 deceptos
1278 2501 1345 2580 elle
1371 2529 1443 2582 con
1471 2509 1629 2599 ueritur,
1653 2509 1806 2613 respicit
1827 2520 1878 2597 ad
1898 2540 1970 2622 pro·

628 2608 817 2712 phetarum
845 2608 993 2684 illorum
1022 2605 1240 2718 concionea,
1267 2603 1331 2703 qui
1352 2532 1516 2706 populo,
1542 2606 1580 2682 &
1610 2607 1891 2718 ffierosotymae
1916 2622 1970 2697 in·

628 2710 779 2810 primis,
805 2729 886 2810 quae
909 2702 1087 2808 postrema
1114 2724 1285 2780 omnium
1315 2717 1418 2804 capta
1443 2705 1514 2791 eli,
1540 2712 1815 2806 promittebant
1840 2717 1968 2807 lectur.

628 2807 666 2884 &
687 2806 852 2923 prospera
872 2805 1008 2888 omnia,
1056 2800 1099 2881 Id
1118 2823 1205 2878 vero
1231 2802 1277 2879 ad
1301 2800 1427 2882 Deum
1446 2803 1552 2881 refert
1563 2830 1576 2900 ;
1602 2821 1788 2909 quatenus
1812 2816 1878 2893 ille
1900 2839 1970 2994 pto·

629 3029 677 3082 ne
703 3029 750 3082 ue
776 3028 867 3082 mox
896 3026 959 3081 eos
992 3000 1131 3103 semper
1156 3000 1338 3099 puniebat
1394 3002 1520 3081 Deum
1552 3017 1673 3082 autem
1707 2939 1972 3096 confidemlwu'

630 3100 691 3204 Jul
734 3129 771 3180 m
792 3103 978 3219 Judicem,
1004 3102 1068 3273 pui
1096 3100 1275 3200 populum
1299 3101 1492 3188 rebellem,
1519 3102 1677 3206 verisque
1707 3115 1972 3194 monitionibn

631 3200 892 3289 restasianum,
920 3199 957 3275 δι
987 3197 1141 3286 banda,
1167 3200 1331 3300 quamvis
1359 3199 1461 3288 salsa,
1488 3204 1721 3303 cupientem,
1749 3208 1973 3294 seductorum

632 3298 780 3375 illorum
798 3298 1050 3400 blandiloquiis
1067 3296 1266 3374 ludendum
1287 3295 1405 3378 dabat.

443 3408 596 3481 xvima
683 3397 822 3477 XVII.
848 3396 999 3478 Facilior
1031 3399 1082 3474 est
1109 3393 1289 3492 responsro
1312 3398 1359 3476 ad
1394 3424 1435 3477 ea
1465 3424 1544 3503 quae
1575 3425 1621 3478 ex
1648 3402 1806 3487 Bileami
1840 3411 1974 3494 historia

443 3492 589 3587 aninmo
633 3499 866 3595 objiciuntur.
916 3494 1040 3575 Primo
1066 3492 1298 3572 interdixerat
1315 3497 1438 3584 Deus,
1463 3524 1509 3576 ne
1532 3525 1618 3578 cum
1649 3503 1915 3590 Moabitarum
1935 3513 1976 3592 la·

446 3573 575 3637 Balearm.

539 4437 544 4452 ..
635 4384 700 4464 ubi

633 3595 1099 3775 fat-isplmfilffoeoeturfis&
1118 3596 1286 3769 mercius).li
1305 3595 1362 3714 lta
1375 3600 1692 3774 -enssnostenderc
1703 3604 1862 3727 uoluit,
1884 3611 1974 3728 nal&

633 3694 1259 3909 armantarmant
1286 3717 1429 3870 rr,
1458 3699 2008 3915 animaremur„

634 3894 812 3973 editlurua
840 3890 936 3975 ellet.
984 3891 1065 3970 Nec
1094 3889 1184 3969 rllud
1207 3888 1265 3969 sua
1293 3893 1435 3971 carebat
1461 3909 1609 3974 ratione.
1660 3897 1713 3978 Ita
1741 3907 1852 3984 enim
1895 3905 1976 3986 e&

634 3991 817 4096 populum
848 3990 951 4068 suum
971 3988 1071 4068 lsrael
1091 3990 1262 4069 celebrari
1293 4013 1359 4093 per
1384 3990 1583 4073 Bileamum
1613 3999 1781 4088 volebat,
1807 4003 1853 4080 &
1888 4004 1977 4085 Bala-

635 4117 721 4171 cum
759 4090 822 4168 suo
854 4087 949 4206 quali
981 4090 1133 4189 jugulari
1166 4088 1297 4188 gladio.
1350 4091 1437 4171 Non
1467 4096 1651 4196 improbat
1683 4110 1808 4178 autent
1853 4102 1977 4192 Deua,

636 4190 739 4293 quod
757 4188 1042 4283 iret'Brleamus3
1064 4188 1124 4266 sed
1144 4188 1246 4290 quod
1274 4190 1370 4269 malo
1397 4196 1520 4271 animo
1544 4197 1620 4271 iret.
1671 4195 1751 4275 lbat
1778 4207 1888 4282 enim
1911 4201 1979 4283 aud

635 4290 783 4375 avidus,
818 4287 1049 4403 sperabatque
1078 4287 1196 4390 aliqua
1224 4292 1364 4368 ratione
1393 4292 1596 4370 consenum
1627 4295 1693 4382 iri,
1726 4310 1770 4373 ut
1834 4297 1979 4381 romilio

761 4389 885 4465 raemio
918 4397 1117 4489 potaretur,
1145 4387 1183 4462 &
1211 4386 1415 4467 berlutem
1446 4392 1706 4472 nancisceretur
1733 4420 1774 4474 m
1811 4399 1980 4482 edicenffl

634 4411 759 4587 popul
801 4483 998 4576 luaelitico.
1050 4485 1169 4587 Quod
1186 4499 1287 4594 patet
1316 4509 1363 4572 ex
1387 4487 1557 4598 responso
1579 4493 1728 4595 unget,
1751 4503 1980 4677 exprobra&
