<?xml version="1.0" encoding="UTF-8"?>
<!DOCTYPE html PUBLIC "-//W3C//DTD XHTML 1.0 Transitional//EN"
    "http://www.w3.org/TR/xhtml1/DTD/xhtml1-transitional.dtd">
<html xmlns="http://www.w3.org/1999/xhtml" xml:lang="en" lang="en">
 <head>
  <title>
</title>
<meta http-equiv="Content-Type" content="text/html;charset=utf-8" />
  <meta name='ocr-system' content='tesseract 3.04.00' />
  <meta name='ocr-capabilities' content='ocr_page ocr_carea ocr_par ocr_line ocrx_word'/>
</head>
<body>
  <div class='ocr_page' id='page_1' title='image "./hermanniwitsiim00witsgoog_0386.png"; bbox 0 0 4909 5425; ppageno 0'>
   <div class='ocr_carea' id='block_1_1' title="bbox 736 473 1840 603">
    <p class='ocr_par' dir='ltr' id='par_1_1' title="bbox 736 473 1840 603">
     <span class='ocr_line' id='line_1_1' title="bbox 736 473 1840 603; baseline 0.003 -25"><span class='ocrx_word' id='word_1_1' title='bbox 736 499 802 578; x_wconf 81' lang='lat' dir='ltr'>&#39;Dr</span> <span class='ocrx_word' id='word_1_2' title='bbox 829 492 1069 578; x_wconf 78' lang='lat' dir='ltr'>Courruurr.</span> <span class='ocrx_word' id='word_1_3' title='bbox 1097 496 1286 577; x_wconf 72' lang='lat' dir='ltr'>Prosunt.</span> <span class='ocrx_word' id='word_1_4' title='bbox 1314 519 1404 577; x_wconf 79' lang='lat' dir='ltr'>ross</span> <span class='ocrx_word' id='word_1_5' title='bbox 1429 473 1614 579; x_wconf 63' lang='lat' dir='ltr'>Aponon·</span> <span class='ocrx_word' id='word_1_6' title='bbox 1771 523 1840 603; x_wconf 76' lang='lat'>305</span> 
     </span>
    </p>
   </div>
   <div class='ocr_carea' id='block_1_2' title="bbox 522 624 2103 4037">
    <p class='ocr_par' dir='ltr' id='par_1_2' title="bbox 522 624 1845 2533">
     <span class='ocr_line' id='line_1_2' title="bbox 522 624 1841 730; baseline 0.006 -29"><span class='ocrx_word' id='word_1_7' title='bbox 522 628 586 702; x_wconf 91' lang='lat' dir='ltr'>Dei</span> <span class='ocrx_word' id='word_1_8' title='bbox 601 628 693 698; x_wconf 89' lang='lat' dir='ltr'>inter</span> <span class='ocrx_word' id='word_1_9' title='bbox 706 624 893 723; x_wconf 72' lang='lat' dir='ltr'>persetflos,</span> <span class='ocrx_word' id='word_1_10' title='bbox 921 624 1016 722; x_wconf 92' lang='lat' dir='ltr'>quod</span> <span class='ocrx_word' id='word_1_11' title='bbox 1035 624 1184 721; x_wconf 84' lang='lat' dir='ltr'>pandant</span> <span class='ocrx_word' id='word_1_12' title='bbox 1200 626 1358 715; x_wconf 85' lang='lat' dir='ltr'>mysteria</span> <span class='ocrx_word' id='word_1_13' title='bbox 1375 628 1410 697; x_wconf 92' lang='lat' dir='ltr'>in</span> <span class='ocrx_word' id='word_1_14' title='bbox 1440 653 1518 724; x_wconf 82' lang='lat' dir='ltr'>quae</span> <span class='ocrx_word' id='word_1_15' title='bbox 1539 626 1601 725; x_wconf 81' lang='lat' dir='ltr'>ipss</span> <span class='ocrx_word' id='word_1_16' title='bbox 1620 629 1841 730; x_wconf 82' lang='lat' dir='ltr'>introspicere</span> 
     </span>
     <span class='ocr_line' id='line_1_3' title="bbox 522 723 1841 826; baseline 0.006 -25"><span class='ocrx_word' id='word_1_17' title='bbox 522 727 671 825; x_wconf 86' lang='lat' dir='ltr'>cupiunt</span> <span class='ocrx_word' id='word_1_18' title='bbox 690 726 836 799; x_wconf 86' lang='lat' dir='ltr'>coelestes</span> <span class='ocrx_word' id='word_1_19' title='bbox 849 727 961 824; x_wconf 86' lang='lat' dir='ltr'>genii,</span> <span class='ocrx_word' id='word_1_20' title='bbox 987 723 1084 820; x_wconf 91' lang='lat' dir='ltr'>quod</span> <span class='ocrx_word' id='word_1_21' title='bbox 1100 726 1253 820; x_wconf 88' lang='lat' dir='ltr'>imperiis</span> <span class='ocrx_word' id='word_1_22' title='bbox 1278 728 1308 796; x_wconf 78' lang='lat' dir='ltr'>dr</span> <span class='ocrx_word' id='word_1_23' title='bbox 1332 726 1555 823; x_wconf 88' lang='lat' dir='ltr'>potestatibus</span> <span class='ocrx_word' id='word_1_24' title='bbox 1581 754 1659 826; x_wconf 87' lang='lat' dir='ltr'>quae</span> <span class='ocrx_word' id='word_1_25' title='bbox 1673 732 1719 804; x_wconf 78' lang='lat' dir='ltr'>&#39;in</span> <span class='ocrx_word' id='word_1_26' title='bbox 1746 738 1841 809; x_wconf 87' lang='lat' dir='ltr'>coelis</span> 
     </span>
     <span class='ocr_line' id='line_1_4' title="bbox 522 822 1842 929; baseline 0.005 -31"><span class='ocrx_word' id='word_1_27' title='bbox 522 825 600 899; x_wconf 89' lang='lat' dir='ltr'>sunt</span> <span class='ocrx_word' id='word_1_28' title='bbox 618 846 743 897; x_wconf 87' lang='lat' dir='ltr'>notam</span> <span class='ocrx_word' id='word_1_29' title='bbox 752 822 872 897; x_wconf 86' lang='lat' dir='ltr'>saciant</span> <span class='ocrx_word' id='word_1_30' title='bbox 882 822 1136 896; x_wconf 87' lang='lat' dir='ltr'>multiformem</span> <span class='ocrx_word' id='word_1_31' title='bbox 1154 825 1248 895; x_wconf 87' lang='lat' dir='ltr'>illam</span> <span class='ocrx_word' id='word_1_32' title='bbox 1269 826 1334 895; x_wconf 89' lang='lat' dir='ltr'>Dei</span> <span class='ocrx_word' id='word_1_33' title='bbox 1355 824 1573 923; x_wconf 86' lang='lat' dir='ltr'>sapientiam,</span> <span class='ocrx_word' id='word_1_34' title='bbox 1599 830 1696 927; x_wconf 91' lang='lat' dir='ltr'>quod</span> <span class='ocrx_word' id='word_1_35' title='bbox 1711 834 1842 929; x_wconf 74' lang='lat' dir='ltr'>possint</span> 
     </span>
     <span class='ocr_line' id='line_1_5' title="bbox 522 922 1842 1023; baseline 0.005 -23"><span class='ocrx_word' id='word_1_36' title='bbox 522 949 584 1000; x_wconf 84' lang='lat' dir='ltr'>nos</span> <span class='ocrx_word' id='word_1_37' title='bbox 601 922 767 1023; x_wconf 87' lang='lat' dir='ltr'>sapientes</span> <span class='ocrx_word' id='word_1_38' title='bbox 785 923 931 996; x_wconf 86' lang='lat' dir='ltr'>reddere·</span> <span class='ocrx_word' id='word_1_39' title='bbox 941 924 982 995; x_wconf 91' lang='lat' dir='ltr'>ad</span> <span class='ocrx_word' id='word_1_40' title='bbox 995 923 1159 1009; x_wconf 85' lang='lat' dir='ltr'>salutem,</span> <span class='ocrx_word' id='word_1_41' title='bbox 1188 943 1227 995; x_wconf 90' lang='lat' dir='ltr'>ut</span> <span class='ocrx_word' id='word_1_42' title='bbox 1247 923 1411 1021; x_wconf 66' lang='lat' dir='ltr'>perscitus</span> <span class='ocrx_word' id='word_1_43' title='bbox 1425 923 1585 999; x_wconf 81' lang='lat' dir='ltr'>sithomo</span> <span class='ocrx_word' id='word_1_44' title='bbox 1597 929 1722 1017; x_wconf 90' lang='lat' dir='ltr'>Dei,ad</span> <span class='ocrx_word' id='word_1_45' title='bbox 1734 960 1842 1007; x_wconf 89' lang='lat' dir='ltr'>omne</span> 
     </span>
     <span class='ocr_line' id='line_1_6' title="bbox 522 1022 1842 1124; baseline 0.003 -25"><span class='ocrx_word' id='word_1_46' title='bbox 522 1023 662 1098; x_wconf 77' lang='lat' dir='ltr'>bonum</span> <span class='ocrx_word' id='word_1_47' title='bbox 687 1050 776 1121; x_wconf 88' lang='lat' dir='ltr'>opus</span> <span class='ocrx_word' id='word_1_48' title='bbox 796 1022 940 1120; x_wconf 62' lang='lat' dir='ltr'>perfecie</span> <span class='ocrx_word' id='word_1_49' title='bbox 965 1023 1151 1095; x_wconf 75' lang='lat' dir='ltr'>instrudlus.</span> <span class='ocrx_word' id='word_1_50' title='bbox 1204 1026 1248 1094; x_wconf 88' lang='lat' dir='ltr'>Et</span> <span class='ocrx_word' id='word_1_51' title='bbox 1275 1024 1358 1119; x_wconf 92' lang='lat' dir='ltr'>quid</span> <span class='ocrx_word' id='word_1_52' title='bbox 1381 1026 1468 1097; x_wconf 92' lang='lat' dir='ltr'>ultra</span> <span class='ocrx_word' id='word_1_53' title='bbox 1484 1025 1740 1124; x_wconf 68' lang='lat' dir='ltr'>exspeslemus?</span> <span class='ocrx_word' id='word_1_54' title='bbox 1768 1037 1842 1123; x_wconf 72' lang='lat' dir='ltr'>Qui</span> 
     </span>
     <span class='ocr_line' id='line_1_7' title="bbox 522 1121 1840 1227; baseline 0.008 -33"><span class='ocrx_word' id='word_1_55' title='bbox 522 1123 620 1223; x_wconf 84' lang='lat' dir='ltr'>plura</span> <span class='ocrx_word' id='word_1_56' title='bbox 637 1123 669 1195; x_wconf 90' lang='lat' dir='ltr'>se</span> <span class='ocrx_word' id='word_1_57' title='bbox 682 1123 793 1219; x_wconf 85' lang='lat' dir='ltr'>sapere</span> <span class='ocrx_word' id='word_1_58' title='bbox 806 1124 972 1221; x_wconf 83' lang='lat' dir='ltr'>postulat,</span> <span class='ocrx_word' id='word_1_59' title='bbox 1001 1121 1160 1219; x_wconf 83' lang='lat' dir='ltr'>aliudque</span> <span class='ocrx_word' id='word_1_60' title='bbox 1173 1123 1397 1222; x_wconf 85' lang='lat' dir='ltr'>Evangelium</span> <span class='ocrx_word' id='word_1_61' title='bbox 1421 1125 1603 1223; x_wconf 90' lang='lat' dir='ltr'>pollicetur</span> <span class='ocrx_word' id='word_1_62' title='bbox 1620 1149 1741 1227; x_wconf 86' lang='lat' dir='ltr'>praeter</span> <span class='ocrx_word' id='word_1_63' title='bbox 1756 1134 1840 1207; x_wconf 91' lang='lat' dir='ltr'>illud</span> 
     </span>
     <span class='ocr_line' id='line_1_8' title="bbox 522 1214 1842 1320; baseline 0.008 -24"><span class='ocrx_word' id='word_1_64' title='bbox 522 1223 618 1320; x_wconf 89' lang='lat' dir='ltr'>quod</span> <span class='ocrx_word' id='word_1_65' title='bbox 633 1227 844 1319; x_wconf 86' lang='lat' dir='ltr'>accepimus,</span> <span class='ocrx_word' id='word_1_66' title='bbox 873 1225 899 1293; x_wconf 88' lang='lat' dir='ltr'>is</span> <span class='ocrx_word' id='word_1_67' title='bbox 911 1223 992 1295; x_wconf 87' lang='lat' dir='ltr'>sciat</span> <span class='ocrx_word' id='word_1_68' title='bbox 1005 1248 1070 1292; x_wconf 90' lang='lat' dir='ltr'>nos</span> <span class='ocrx_word' id='word_1_69' title='bbox 1085 1247 1168 1293; x_wconf 88' lang='lat' dir='ltr'>cum</span> <span class='ocrx_word' id='word_1_70' title='bbox 1192 1224 1300 1294; x_wconf 90' lang='lat' dir='ltr'>Paulo</span> <span class='ocrx_word' id='word_1_71' title='bbox 1321 1221 1446 1313; x_wconf 84' lang='lat' dir='ltr'>lacere,</span> <span class='ocrx_word' id='word_1_72' title='bbox 1472 1214 1673 1301; x_wconf 77' lang='lat' dir='ltr'>asseverante</span> <span class='ocrx_word' id='word_1_73' title='bbox 1690 1258 1763 1304; x_wconf 84' lang='lat' dir='ltr'>non</span> <span class='ocrx_word' id='word_1_74' title='bbox 1777 1232 1842 1308; x_wconf 78' lang='lat' dir='ltr'>else</span> 
     </span>
     <span class='ocr_line' id='line_1_9' title="bbox 522 1322 1841 1442; baseline 0.005 -46"><span class='ocrx_word' id='word_1_75' title='bbox 522 1322 613 1396; x_wconf 80' lang='lat' dir='ltr'>aliud</span> <span class='ocrx_word' id='word_1_76' title='bbox 629 1324 876 1421; x_wconf 85' lang='lat' dir='ltr'>Evangelium,</span> <span class='ocrx_word' id='word_1_77' title='bbox 903 1323 1130 1419; x_wconf 92' lang='lat' dir='ltr'>monentique</span> <span class='ocrx_word' id='word_1_78' title='bbox 1148 1348 1191 1393; x_wconf 90' lang='lat' dir='ltr'>ne</span> <span class='ocrx_word' id='word_1_79' title='bbox 1204 1322 1314 1394; x_wconf 91' lang='lat' dir='ltr'>altum</span> <span class='ocrx_word' id='word_1_80' title='bbox 1325 1323 1437 1420; x_wconf 85' lang='lat' dir='ltr'>sapere</span> <span class='ocrx_word' id='word_1_81' title='bbox 1455 1325 1612 1401; x_wconf 85' lang='lat' dir='ltr'>velimus.</span> <span class='ocrx_word' id='word_1_82' title='bbox 1667 1331 1717 1421; x_wconf 64' lang='lat' dir='ltr'>Mn*</span> <span class='ocrx_word' id='word_1_83' title='bbox 1732 1337 1841 1442; x_wconf 72' lang='lat' dir='ltr'>‹inrep-</span> 
     </span>
     <span class='ocr_line' id='line_1_10' title="bbox 523 1422 1843 1541; baseline 0.01 -37"><span class='ocrx_word' id='word_1_84' title='bbox 523 1429 657 1537; x_wconf 64' lang='lat' dir='ltr'>onvsi‘v</span> <span class='ocrx_word' id='word_1_85' title='bbox 671 1428 744 1539; x_wconf 71' lang='lat' dir='ltr'>mig</span> <span class='ocrx_word' id='word_1_86' title='bbox 759 1425 777 1505; x_wconf 69' lang='grc' dir='ltr'>δ’</span> <span class='ocrx_word' id='word_1_87' title='bbox 788 1422 979 1539; x_wconf 61' lang='lat' dir='ltr'>dsimprveiv</span> <span class='ocrx_word' id='word_1_88' title='bbox 991 1482 1002 1511; x_wconf 80' lang='grc'><em>,</em></span> <span class='ocrx_word' id='word_1_89' title='bbox 1015 1430 1120 1506; x_wconf 61' lang='grc' dir='ltr'>ἀλλά</span> <span class='ocrx_word' id='word_1_90' title='bbox 1132 1431 1260 1536; x_wconf 71' lang='grc' dir='ltr'>φρονεῖν</span> <span class='ocrx_word' id='word_1_91' title='bbox 1271 1433 1315 1518; x_wconf 78' lang='grc' dir='ltr'>εἷς</span> <span class='ocrx_word' id='word_1_92' title='bbox 1328 1429 1365 1510; x_wconf 74' lang='grc' dir='ltr'>τὲ</span> <span class='ocrx_word' id='word_1_93' title='bbox 1378 1432 1574 1541; x_wconf 62' lang='grc' dir='ltr'>σωφρονεῖν,</span> <span class='ocrx_word' id='word_1_94' title='bbox 1624 1440 1757 1537; x_wconf 81' lang='lat' dir='ltr'>Ecquid</span> <span class='ocrx_word' id='word_1_95' title='bbox 1770 1461 1843 1516; x_wconf 86' lang='lat' dir='ltr'>tan·</span> 
     </span>
     <span class='ocr_line' id='line_1_11' title="bbox 522 1537 1843 1639; baseline 0.004 -29"><span class='ocrx_word' id='word_1_96' title='bbox 522 1538 601 1611; x_wconf 84' lang='lat' dir='ltr'>dem</span> <span class='ocrx_word' id='word_1_97' title='bbox 618 1542 654 1611; x_wconf 93' lang='lat' dir='ltr'>in</span> <span class='ocrx_word' id='word_1_98' title='bbox 678 1539 751 1611; x_wconf 93' lang='lat' dir='ltr'>ullo</span> <span class='ocrx_word' id='word_1_99' title='bbox 768 1538 880 1636; x_wconf 81' lang='lat' dir='ltr'>scripti</span> <span class='ocrx_word' id='word_1_100' title='bbox 896 1565 1018 1638; x_wconf 80' lang='lat' dir='ltr'>genere</span> <span class='ocrx_word' id='word_1_101' title='bbox 1029 1540 1222 1626; x_wconf 88' lang='lat' dir='ltr'>iuvenitur,</span> <span class='ocrx_word' id='word_1_102' title='bbox 1250 1567 1269 1613; x_wconf 87' lang='lat' dir='ltr'>a</span> <span class='ocrx_word' id='word_1_103' title='bbox 1285 1566 1487 1638; x_wconf 85' lang='lat' dir='ltr'>quoquam,</span> <span class='ocrx_word' id='word_1_104' title='bbox 1515 1541 1576 1639; x_wconf 92' lang='lat' dir='ltr'>qui</span> <span class='ocrx_word' id='word_1_105' title='bbox 1590 1537 1622 1611; x_wconf 92' lang='lat' dir='ltr'>se</span> <span class='ocrx_word' id='word_1_106' title='bbox 1636 1543 1843 1637; x_wconf 88' lang='lat' dir='ltr'>prophetam</span> 
     </span>
     <span class='ocr_line' id='line_1_12' title="bbox 523 1637 1845 1738; baseline 0.002 -28"><span class='ocrx_word' id='word_1_107' title='bbox 523 1637 629 1726; x_wconf 83' lang='lat' dir='ltr'>dixit,</span> <span class='ocrx_word' id='word_1_108' title='bbox 657 1658 718 1711; x_wconf 92' lang='lat' dir='ltr'>aut</span> <span class='ocrx_word' id='word_1_109' title='bbox 730 1638 773 1710; x_wconf 87' lang='lat' dir='ltr'>ab</span> <span class='ocrx_word' id='word_1_110' title='bbox 790 1641 940 1735; x_wconf 89' lang='lat' dir='ltr'>aliis-pro</span> <span class='ocrx_word' id='word_1_111' title='bbox 965 1640 1135 1737; x_wconf 75' lang='lat' dir='ltr'>propheta</span> <span class='ocrx_word' id='word_1_112' title='bbox 1147 1640 1281 1712; x_wconf 87' lang='lat' dir='ltr'>habitus</span> <span class='ocrx_word' id='word_1_113' title='bbox 1303 1640 1366 1726; x_wconf 87' lang='lat' dir='ltr'>est,</span> <span class='ocrx_word' id='word_1_114' title='bbox 1394 1642 1593 1738; x_wconf 87' lang='lat' dir='ltr'>proditum,</span> <span class='ocrx_word' id='word_1_115' title='bbox 1620 1639 1717 1735; x_wconf 92' lang='lat' dir='ltr'>quod</span> <span class='ocrx_word' id='word_1_116' title='bbox 1731 1640 1845 1713; x_wconf 85' lang='lat' dir='ltr'>Libris</span> 
     </span>
     <span class='ocr_line' id='line_1_13' title="bbox 523 1737 1843 1825; baseline 0.002 -15"><span class='ocrx_word' id='word_1_117' title='bbox 523 1739 642 1811; x_wconf 84' lang='lat' dir='ltr'>nostris</span> <span class='ocrx_word' id='word_1_118' title='bbox 655 1737 799 1811; x_wconf 90' lang='lat' dir='ltr'>indubie</span> <span class='ocrx_word' id='word_1_119' title='bbox 810 1738 1031 1809; x_wconf 84' lang='lat' dir='ltr'>Divinisaddi</span> <span class='ocrx_word' id='word_1_120' title='bbox 1042 1759 1231 1825; x_wconf 79' lang='lat' dir='ltr'>mereatur,</span> <span class='ocrx_word' id='word_1_121' title='bbox 1266 1742 1297 1811; x_wconf 81' lang='lat' dir='ltr'>dc</span> <span class='ocrx_word' id='word_1_122' title='bbox 1315 1741 1474 1813; x_wconf 87' lang='lat' dir='ltr'>veritates</span> <span class='ocrx_word' id='word_1_123' title='bbox 1490 1738 1667 1813; x_wconf 90' lang='lat' dir='ltr'>contineat</span> <span class='ocrx_word' id='word_1_124' title='bbox 1680 1764 1843 1813; x_wconf 86' lang='lat' dir='ltr'>momen-</span> 
     </span>
     <span class='ocr_line' id='line_1_14' title="bbox 525 1835 1843 1936; baseline 0.002 -25"><span class='ocrx_word' id='word_1_125' title='bbox 525 1837 637 1927; x_wconf 86' lang='lat' dir='ltr'>tosas,</span> <span class='ocrx_word' id='word_1_126' title='bbox 666 1838 833 1923; x_wconf 79' lang='lat' dir='ltr'>coelelles,</span> <span class='ocrx_word' id='word_1_127' title='bbox 859 1839 1022 1925; x_wconf 86' lang='lat' dir='ltr'>Divinas,</span> <span class='ocrx_word' id='word_1_128' title='bbox 1055 1836 1097 1910; x_wconf 89' lang='lat' dir='ltr'>ad</span> <span class='ocrx_word' id='word_1_129' title='bbox 1110 1835 1241 1925; x_wconf 89' lang='lat' dir='ltr'>fidem,</span> <span class='ocrx_word' id='word_1_130' title='bbox 1266 1840 1452 1936; x_wconf 87' lang='lat' dir='ltr'>pietatem,</span> <span class='ocrx_word' id='word_1_131' title='bbox 1478 1839 1620 1913; x_wconf 86' lang='lat' dir='ltr'>salutem</span> <span class='ocrx_word' id='word_1_132' title='bbox 1638 1840 1843 1913; x_wconf 82' lang='lat' dir='ltr'>conducibi-</span> 
     </span>
     <span class='ocr_line' id='line_1_15' title="bbox 527 1936 1842 2038; baseline -0.002 -27"><span class='ocrx_word' id='word_1_133' title='bbox 527 1937 581 2026; x_wconf 76' lang='lat' dir='ltr'>les,</span> <span class='ocrx_word' id='word_1_134' title='bbox 609 1964 690 2036; x_wconf 86' lang='lat' dir='ltr'>quae</span> <span class='ocrx_word' id='word_1_135' title='bbox 705 1936 755 2009; x_wconf 93' lang='lat' dir='ltr'>ibi</span> <span class='ocrx_word' id='word_1_136' title='bbox 770 1962 843 2008; x_wconf 86' lang='lat' dir='ltr'>non</span> <span class='ocrx_word' id='word_1_137' title='bbox 858 1937 1008 2011; x_wconf 81' lang='lat' dir='ltr'>exstant?</span> <span class='ocrx_word' id='word_1_138' title='bbox 1035 1937 1215 2035; x_wconf 81' lang='lat' dir='ltr'>Qudquid</span> <span class='ocrx_word' id='word_1_139' title='bbox 1231 1940 1481 2037; x_wconf 85' lang='lat' dir='ltr'>milriunquam</span> <span class='ocrx_word' id='word_1_140' title='bbox 1494 1939 1672 2035; x_wconf 86' lang='lat' dir='ltr'>uspiamve</span> <span class='ocrx_word' id='word_1_141' title='bbox 1682 1964 1842 2038; x_wconf 85' lang='lat' dir='ltr'>comper..</span> 
     </span>
     <span class='ocr_line' id='line_1_16' title="bbox 529 2035 1843 2142; baseline 0.001 -30"><span class='ocrx_word' id='word_1_142' title='bbox 529 2054 601 2112; x_wconf 86' lang='lat' dir='ltr'>tum</span> <span class='ocrx_word' id='word_1_143' title='bbox 611 2038 655 2110; x_wconf 86' lang='lat' dir='ltr'>est</span> <span class='ocrx_word' id='word_1_144' title='bbox 666 2036 711 2111; x_wconf 90' lang='lat' dir='ltr'>ab</span> <span class='ocrx_word' id='word_1_145' title='bbox 722 2037 761 2134; x_wconf 84' lang='lat' dir='ltr'>iis</span> <span class='ocrx_word' id='word_1_146' title='bbox 771 2038 830 2133; x_wconf 92' lang='lat' dir='ltr'>qui</span> <span class='ocrx_word' id='word_1_147' title='bbox 845 2035 1088 2134; x_wconf 86' lang='lat' dir='ltr'>scripturarum</span> <span class='ocrx_word' id='word_1_148' title='bbox 1109 2037 1325 2125; x_wconf 75' lang='lat' dir='ltr'>dodlrinam,</span> <span class='ocrx_word' id='word_1_149' title='bbox 1353 2060 1391 2110; x_wconf 92' lang='lat' dir='ltr'>ut</span> <span class='ocrx_word' id='word_1_150' title='bbox 1403 2039 1498 2111; x_wconf 88' lang='lat' dir='ltr'>rudia</span> <span class='ocrx_word' id='word_1_151' title='bbox 1512 2038 1684 2142; x_wconf 82' lang='lat' dir='ltr'>sapientiae</span> <span class='ocrx_word' id='word_1_152' title='bbox 1694 2039 1843 2113; x_wconf 88' lang='lat' dir='ltr'>elemen-</span> 
     </span>
     <span class='ocr_line' id='line_1_17' title="bbox 527 2135 1843 2236; baseline -0.002 -25"><span class='ocrx_word' id='word_1_153' title='bbox 527 2155 580 2225; x_wconf 79' lang='lat' dir='ltr'>ta,</span> <span class='ocrx_word' id='word_1_154' title='bbox 606 2138 793 2236; x_wconf 87' lang='lat' dir='ltr'>despicatui</span> <span class='ocrx_word' id='word_1_155' title='bbox 806 2136 954 2221; x_wconf 89' lang='lat' dir='ltr'>habent,</span> <span class='ocrx_word' id='word_1_156' title='bbox 982 2135 1017 2207; x_wconf 92' lang='lat' dir='ltr'>id</span> <span class='ocrx_word' id='word_1_157' title='bbox 1028 2138 1086 2207; x_wconf 90' lang='lat' dir='ltr'>vel</span> <span class='ocrx_word' id='word_1_158' title='bbox 1101 2138 1136 2207; x_wconf 89' lang='lat' dir='ltr'>in</span> <span class='ocrx_word' id='word_1_159' title='bbox 1153 2136 1357 2232; x_wconf 89' lang='lat' dir='ltr'>blasphemis</span> <span class='ocrx_word' id='word_1_160' title='bbox 1371 2141 1582 2210; x_wconf 86' lang='lat' dir='ltr'>commentis</span> <span class='ocrx_word' id='word_1_161' title='bbox 1596 2136 1757 2223; x_wconf 76' lang='lat' dir='ltr'>consistit,</span> <span class='ocrx_word' id='word_1_162' title='bbox 1784 2141 1843 2210; x_wconf 93' lang='lat' dir='ltr'>vel</span> 
     </span>
     <span class='ocr_line' id='line_1_18' title="bbox 523 2236 1843 2337; baseline -0.002 -27"><span class='ocrx_word' id='word_1_163' title='bbox 523 2237 564 2310; x_wconf 75' lang='lat' dir='ltr'>in</span> <span class='ocrx_word' id='word_1_164' title='bbox 576 2236 808 2337; x_wconf 85' lang='lat' dir='ltr'>superstitiosrs</span> <span class='ocrx_word' id='word_1_165' title='bbox 823 2238 854 2308; x_wconf 79' lang='grc' dir='ltr'>δι</span> <span class='ocrx_word' id='word_1_166' title='bbox 870 2236 1016 2308; x_wconf 83' lang='lat' dir='ltr'>anilibus</span> <span class='ocrx_word' id='word_1_167' title='bbox 1030 2237 1129 2332; x_wconf 83' lang='lat' dir='ltr'>nugis</span> <span class='ocrx_word' id='word_1_168' title='bbox 1144 2287 1155 2322; x_wconf 92' lang='lat'>,</span> <span class='ocrx_word' id='word_1_169' title='bbox 1184 2237 1239 2307; x_wconf 89' lang='lat' dir='ltr'>vel</span> <span class='ocrx_word' id='word_1_170' title='bbox 1255 2237 1290 2305; x_wconf 90' lang='lat' dir='ltr'>in</span> <span class='ocrx_word' id='word_1_171' title='bbox 1305 2238 1476 2334; x_wconf 88' lang='lat' dir='ltr'>pomposa</span> <span class='ocrx_word' id='word_1_172' title='bbox 1488 2238 1654 2309; x_wconf 87' lang='lat' dir='ltr'>sermonis</span> <span class='ocrx_word' id='word_1_173' title='bbox 1671 2238 1843 2335; x_wconf 87' lang='lat' dir='ltr'>grandilo-</span> 
     </span>
     <span class='ocr_line' id='line_1_19' title="bbox 526 2335 1843 2436; baseline -0.001 -27"><span class='ocrx_word' id='word_1_174' title='bbox 526 2340 682 2434; x_wconf 85' lang='lat' dir='ltr'>quentia,</span> <span class='ocrx_word' id='word_1_175' title='bbox 696 2341 752 2413; x_wconf 91' lang='lat' dir='ltr'>cui</span> <span class='ocrx_word' id='word_1_176' title='bbox 763 2363 805 2408; x_wconf 89' lang='lat' dir='ltr'>ne</span> <span class='ocrx_word' id='word_1_177' title='bbox 821 2338 914 2409; x_wconf 90' lang='lat' dir='ltr'>mica</span> <span class='ocrx_word' id='word_1_178' title='bbox 924 2336 1067 2431; x_wconf 87' lang='lat' dir='ltr'>quidem</span> <span class='ocrx_word' id='word_1_179' title='bbox 1081 2337 1185 2407; x_wconf 78' lang='lat' dir='ltr'>bonae</span> <span class='ocrx_word' id='word_1_180' title='bbox 1195 2335 1319 2406; x_wconf 91' lang='lat' dir='ltr'>mentis</span> <span class='ocrx_word' id='word_1_181' title='bbox 1330 2336 1422 2407; x_wconf 87' lang='lat' dir='ltr'>inest.</span> <span class='ocrx_word' id='word_1_182' title='bbox 1474 2338 1552 2410; x_wconf 89' lang='lat' dir='ltr'>Nos</span> <span class='ocrx_word' id='word_1_183' title='bbox 1562 2336 1724 2433; x_wconf 88' lang='lat' dir='ltr'>equidem</span> <span class='ocrx_word' id='word_1_184' title='bbox 1733 2363 1771 2409; x_wconf 88' lang='lat' dir='ltr'>ea</span> <span class='ocrx_word' id='word_1_185' title='bbox 1778 2336 1843 2436; x_wconf 82' lang='lat' dir='ltr'>spi·-</span> 
     </span>
     <span class='ocr_line' id='line_1_20' title="bbox 527 2435 1843 2533; baseline 0.002 -27"><span class='ocrx_word' id='word_1_186' title='bbox 527 2438 611 2512; x_wconf 70' lang='lat' dir='ltr'>ritus</span> <span class='ocrx_word' id='word_1_187' title='bbox 624 2435 1084 2526; x_wconf 85' lang='lat' dir='ltr'>mensuracontentisumus,</span> <span class='ocrx_word' id='word_1_188' title='bbox 1113 2462 1192 2533; x_wconf 84' lang='lat' dir='ltr'>quae</span> <span class='ocrx_word' id='word_1_189' title='bbox 1203 2453 1336 2506; x_wconf 86' lang='lat' dir='ltr'>mentes</span> <span class='ocrx_word' id='word_1_190' title='bbox 1348 2437 1666 2511; x_wconf 87' lang='lat' dir='ltr'>nostrasitavirtute</span> <span class='ocrx_word' id='word_1_191' title='bbox 1676 2435 1733 2511; x_wconf 88' lang='lat' dir='ltr'>sua</span> <span class='ocrx_word' id='word_1_192' title='bbox 1744 2463 1843 2511; x_wconf 84' lang='lat' dir='ltr'>com-</span> 
     </span>
    </p>

    <p class='ocr_par' dir='ltr' id='par_1_3' title="bbox 523 2528 1846 3237">
     <span class='ocr_line' id='line_1_21' title="bbox 558 2528 1845 2637; baseline 0.001 -27"><span class='ocrx_word' id='word_1_193' title='bbox 558 2560 645 2627; x_wconf 89' lang='lat' dir='ltr'>arat,</span> <span class='ocrx_word' id='word_1_194' title='bbox 672 2534 865 2634; x_wconf 86' lang='lat' dir='ltr'>utnonipsr</span> <span class='ocrx_word' id='word_1_195' title='bbox 878 2528 1007 2632; x_wconf 88' lang='lat' dir='ltr'>aliquid</span> <span class='ocrx_word' id='word_1_196' title='bbox 1022 2561 1080 2634; x_wconf 87' lang='lat' dir='ltr'>per</span> <span class='ocrx_word' id='word_1_197' title='bbox 1093 2562 1160 2609; x_wconf 88' lang='lat' dir='ltr'>nos</span> <span class='ocrx_word' id='word_1_198' title='bbox 1174 2534 1346 2622; x_wconf 90' lang='lat' dir='ltr'>divinare,</span> <span class='ocrx_word' id='word_1_199' title='bbox 1373 2536 1482 2610; x_wconf 86' lang='lat' dir='ltr'>velde</span> <span class='ocrx_word' id='word_1_200' title='bbox 1492 2562 1592 2612; x_wconf 88' lang='lat' dir='ltr'>novo</span> <span class='ocrx_word' id='word_1_201' title='bbox 1604 2539 1753 2610; x_wconf 87' lang='lat' dir='ltr'>revelare</span> <span class='ocrx_word' id='word_1_202' title='bbox 1765 2537 1845 2637; x_wconf 82' lang='lat' dir='ltr'>pos-</span> 
     </span>
     <span class='ocr_line' id='line_1_22' title="bbox 525 2560 1845 2735; baseline 0.003 -27"><span class='ocrx_word' id='word_1_203' title='bbox 525 2560 652 2727; x_wconf 53' lang='grc' dir='ltr'>ξυιυς,</span> <span class='ocrx_word' id='word_1_204' title='bbox 680 2637 735 2714; x_wconf 86' lang='lat' dir='ltr'>sed</span> <span class='ocrx_word' id='word_1_205' title='bbox 747 2663 786 2707; x_wconf 92' lang='lat' dir='ltr'>ea</span> <span class='ocrx_word' id='word_1_206' title='bbox 794 2655 929 2708; x_wconf 88' lang='lat' dir='ltr'>tantum</span> <span class='ocrx_word' id='word_1_207' title='bbox 943 2661 1022 2734; x_wconf 83' lang='lat' dir='ltr'>quae</span> <span class='ocrx_word' id='word_1_208' title='bbox 1034 2637 1071 2725; x_wconf 88' lang='lat' dir='ltr'>in</span> <span class='ocrx_word' id='word_1_209' title='bbox 1086 2635 1248 2735; x_wconf 88' lang='lat' dir='ltr'>scriptura</span> <span class='ocrx_word' id='word_1_210' title='bbox 1260 2633 1423 2733; x_wconf 58' lang='lat' dir='ltr'>patefacta</span> <span class='ocrx_word' id='word_1_211' title='bbox 1440 2636 1518 2712; x_wconf 91' lang='lat' dir='ltr'>sunt</span> <span class='ocrx_word' id='word_1_212' title='bbox 1531 2690 1543 2728; x_wconf 93' lang='lat'>‚</span> <span class='ocrx_word' id='word_1_213' title='bbox 1574 2637 1772 2719; x_wconf 85' lang='lat' dir='ltr'>adsalutem</span> <span class='ocrx_word' id='word_1_214' title='bbox 1792 2640 1845 2712; x_wconf 86' lang='lat' dir='ltr'>in-</span> 
     </span>
     <span class='ocr_line' id='line_1_23' title="bbox 526 2737 1844 2841; baseline -0.002 -31"><span class='ocrx_word' id='word_1_215' title='bbox 526 2740 681 2841; x_wconf 78' lang='lat' dir='ltr'>telligere.</span> <span class='ocrx_word' id='word_1_216' title='bbox 733 2740 847 2833; x_wconf 84' lang='lat' dir='ltr'>Atque</span> <span class='ocrx_word' id='word_1_217' title='bbox 855 2762 893 2808; x_wconf 89' lang='lat' dir='ltr'>ea</span> <span class='ocrx_word' id='word_1_218' title='bbox 915 2763 1026 2833; x_wconf 92' lang='lat' dir='ltr'>quum</span> <span class='ocrx_word' id='word_1_219' title='bbox 1044 2738 1172 2836; x_wconf 83' lang='lat' dir='ltr'>Spiritu</span> <span class='ocrx_word' id='word_1_220' title='bbox 1186 2737 1350 2835; x_wconf 85' lang='lat' dir='ltr'>Magistro</span> <span class='ocrx_word' id='word_1_221' title='bbox 1364 2737 1549 2825; x_wconf 87' lang='lat' dir='ltr'>discimus,</span> <span class='ocrx_word' id='word_1_222' title='bbox 1578 2759 1661 2811; x_wconf 90' lang='lat' dir='ltr'>tunc</span> <span class='ocrx_word' id='word_1_223' title='bbox 1683 2765 1748 2810; x_wconf 89' lang='lat' dir='ltr'>nos</span> <span class='ocrx_word' id='word_1_224' title='bbox 1761 2765 1844 2835; x_wconf 91' lang='lat' dir='ltr'>pro.</span> 
     </span>
     <span class='ocr_line' id='line_1_24' title="bbox 525 2837 1845 2938; baseline -0.002 -27"><span class='ocrx_word' id='word_1_225' title='bbox 525 2840 661 2935; x_wconf 67' lang='lat' dir='ltr'>phetare</span> <span class='ocrx_word' id='word_1_226' title='bbox 686 2839 944 2924; x_wconf 86' lang='lat' dir='ltr'>existimamus,</span> <span class='ocrx_word' id='word_1_227' title='bbox 972 2838 1121 2933; x_wconf 91' lang='lat' dir='ltr'>Deoque</span> <span class='ocrx_word' id='word_1_228' title='bbox 1139 2838 1260 2938; x_wconf 84' lang='lat' dir='ltr'>gratias</span> <span class='ocrx_word' id='word_1_229' title='bbox 1274 2840 1428 2936; x_wconf 83' lang='lat' dir='ltr'>agimus,</span> <span class='ocrx_word' id='word_1_230' title='bbox 1449 2837 1546 2933; x_wconf 91' lang='lat' dir='ltr'>quod</span> <span class='ocrx_word' id='word_1_231' title='bbox 1566 2837 1667 2910; x_wconf 86' lang='lat' dir='ltr'>isthac</span> <span class='ocrx_word' id='word_1_232' title='bbox 1681 2839 1717 2907; x_wconf 92' lang='lat' dir='ltr'>in</span> <span class='ocrx_word' id='word_1_233' title='bbox 1742 2837 1845 2910; x_wconf 90' lang='lat' dir='ltr'>nobis</span> 
     </span>
     <span class='ocr_line' id='line_1_25' title="bbox 524 2933 1846 3038; baseline -0.003 -26"><span class='ocrx_word' id='word_1_234' title='bbox 524 2939 772 3038; x_wconf 71' lang='lat' dir='ltr'>tationeJoelis</span> <span class='ocrx_word' id='word_1_235' title='bbox 782 2937 987 3011; x_wconf 86' lang='lat' dir='ltr'>vaticinium</span> <span class='ocrx_word' id='word_1_236' title='bbox 1000 2937 1153 3034; x_wconf 87' lang='lat' dir='ltr'>impleat.</span> <span class='ocrx_word' id='word_1_237' title='bbox 1205 2939 1325 3032; x_wconf 87' lang='lat' dir='ltr'>Itaque</span> <span class='ocrx_word' id='word_1_238' title='bbox 1339 2935 1388 3009; x_wconf 93' lang='lat' dir='ltr'>ob</span> <span class='ocrx_word' id='word_1_239' title='bbox 1406 2939 1492 3009; x_wconf 88' lang='lat' dir='ltr'>hanc</span> <span class='ocrx_word' id='word_1_240' title='bbox 1508 2956 1598 3008; x_wconf 91' lang='lat' dir='ltr'>certe</span> <span class='ocrx_word' id='word_1_241' title='bbox 1608 2933 1755 3008; x_wconf 78' lang='lat' dir='ltr'>caussam</span> <span class='ocrx_word' id='word_1_242' title='bbox 1769 2962 1846 3008; x_wconf 88' lang='lat' dir='ltr'>non</span> 
     </span>
     <span class='ocr_line' id='line_1_26' title="bbox 523 3030 1845 3161; baseline -0.003 -45"><span class='ocrx_word' id='word_1_243' title='bbox 523 3030 716 3161; x_wconf 64' lang='lat' dir='ltr'>&#39;ndigemus</span> <span class='ocrx_word' id='word_1_244' title='bbox 732 3038 931 3135; x_wconf 83' lang='lat' dir='ltr'>Prophetis,</span> <span class='ocrx_word' id='word_1_245' title='bbox 954 3057 994 3109; x_wconf 93' lang='lat' dir='ltr'>ut</span> <span class='ocrx_word' id='word_1_246' title='bbox 1008 3037 1086 3109; x_wconf 87' lang='lat' dir='ltr'>alias</span> <span class='ocrx_word' id='word_1_247' title='bbox 1104 3064 1170 3110; x_wconf 90' lang='lat' dir='ltr'>nos</span> <span class='ocrx_word' id='word_1_248' title='bbox 1185 3037 1341 3110; x_wconf 86' lang='lat' dir='ltr'>veritates</span> <span class='ocrx_word' id='word_1_249' title='bbox 1351 3035 1498 3111; x_wconf 86' lang='lat' dir='ltr'>doceant</span> <span class='ocrx_word' id='word_1_250' title='bbox 1510 3054 1634 3135; x_wconf 80' lang='lat' dir='ltr'>praeter</span> <span class='ocrx_word' id='word_1_251' title='bbox 1649 3060 1702 3108; x_wconf 85' lang='lat' dir='ltr'>eas</span> <span class='ocrx_word' id='word_1_252' title='bbox 1715 3060 1796 3134; x_wconf 87' lang='lat' dir='ltr'>quae</span> <span class='ocrx_word' id='word_1_253' title='bbox 1807 3037 1845 3112; x_wconf 90' lang='lat' dir='ltr'>in</span> 
     </span>
     <span class='ocr_line' id='line_1_27' title="bbox 523 3136 1184 3237; baseline -0.015 -20"><span class='ocrx_word' id='word_1_254' title='bbox 523 3136 619 3217; x_wconf 63' lang='lat' dir='ltr'>fiens</span> <span class='ocrx_word' id='word_1_255' title='bbox 634 3140 771 3237; x_wconf 87' lang='lat' dir='ltr'>scriptae</span> <span class='ocrx_word' id='word_1_256' title='bbox 783 3137 911 3209; x_wconf 83' lang='lat' dir='ltr'>exstant</span> <span class='ocrx_word' id='word_1_257' title='bbox 931 3136 1184 3210; x_wconf 86' lang='lat' dir='ltr'>voluminibus.</span> 
     </span>
    </p>

    <p class='ocr_par' dir='ltr' id='par_1_4' title="bbox 522 3233 2103 4037">
     <span class='ocr_line' id='line_1_28' title="bbox 618 3233 2029 3335; baseline -0.007 -19"><span class='ocrx_word' id='word_1_258' title='bbox 618 3241 721 3316; x_wconf 84' lang='lat' dir='ltr'><strong>XXI.</strong></span> <span class='ocrx_word' id='word_1_259' title='bbox 745 3243 791 3311; x_wconf 83' lang='lat' dir='ltr'>At</span> <span class='ocrx_word' id='word_1_260' title='bbox 802 3262 913 3334; x_wconf 87' lang='lat' dir='ltr'>neque</span> <span class='ocrx_word' id='word_1_261' title='bbox 927 3238 1113 3335; x_wconf 86' lang='lat' dir='ltr'>Prophetas</span> <span class='ocrx_word' id='word_1_262' title='bbox 1129 3237 1263 3308; x_wconf 90' lang='lat' dir='ltr'>obeam</span> <span class='ocrx_word' id='word_1_263' title='bbox 1272 3233 1376 3308; x_wconf 87' lang='lat' dir='ltr'>nobis</span> <span class='ocrx_word' id='word_1_264' title='bbox 1395 3233 1623 3312; x_wconf 74' lang='lat' dir='ltr'>cauli&#39;amdari</span> <span class='ocrx_word' id='word_1_265' title='bbox 1643 3234 1838 3322; x_wconf 80' lang='lat' dir='ltr'>neceffeell,</span> <span class='ocrx_word' id='word_1_266' title='bbox 1855 3233 1937 3294; x_wconf 73' lang='lat' dir='ltr'>XXI·</span> <span class='ocrx_word' id='word_1_267' title='bbox 1967 3236 2029 3296; x_wconf 74' lang='lat' dir='ltr'>Ne·</span> 
     </span>
     <span class='ocr_line' id='line_1_29' title="bbox 522 3312 2027 3449; baseline -0.003 -31"><span class='ocrx_word' id='word_1_268' title='bbox 522 3339 981 3437; x_wconf 61' lang='lat' dir='ltr'>{tobscuraScripturarum</span> <span class='ocrx_word' id='word_1_269' title='bbox 995 3335 1179 3436; x_wconf 81' lang='lat' dir='ltr'>dogmata,</span> <span class='ocrx_word' id='word_1_270' title='bbox 1196 3358 1256 3408; x_wconf 86' lang='lat' dir='ltr'>aut</span> <span class='ocrx_word' id='word_1_271' title='bbox 1267 3337 1515 3412; x_wconf 87' lang='lat' dir='ltr'>vaticiniorum</span> <span class='ocrx_word' id='word_1_272' title='bbox 1525 3340 1728 3439; x_wconf 57' lang='lat' dir='ltr'>aenigmpta,</span> <span class='ocrx_word' id='word_1_273' title='bbox 1756 3363 1840 3411; x_wconf 87' lang='lat' dir='ltr'>con·</span> <span class='ocrx_word' id='word_1_274' title='bbox 1853 3312 1958 3449; x_wconf 50' lang='lat' dir='ltr'>lema</span> <span class='ocrx_word' id='word_1_275' title='bbox 1977 3317 2027 3413; x_wconf 50' lang='grc' dir='ltr'>ψ·</span> 
     </span>
     <span class='ocr_line' id='line_1_30' title="bbox 522 3394 2023 3552; baseline -0.006 -34"><span class='ocrx_word' id='word_1_276' title='bbox 522 3436 623 3519; x_wconf 71' lang='lat' dir='ltr'>finili</span> <span class='ocrx_word' id='word_1_277' title='bbox 640 3465 749 3541; x_wconf 88' lang='lat' dir='ltr'>quam</span> <span class='ocrx_word' id='word_1_278' title='bbox 764 3464 838 3536; x_wconf 93' lang='lat' dir='ltr'>quo</span> <span class='ocrx_word' id='word_1_279' title='bbox 847 3437 935 3509; x_wconf 88' lang='lat' dir='ltr'>olim</span> <span class='ocrx_word' id='word_1_280' title='bbox 949 3435 1072 3536; x_wconf 88' lang='lat' dir='ltr'>scripta</span> <span class='ocrx_word' id='word_1_281' title='bbox 1082 3435 1160 3509; x_wconf 90' lang='lat' dir='ltr'>sunt</span> <span class='ocrx_word' id='word_1_282' title='bbox 1172 3432 1444 3534; x_wconf 86' lang='lat' dir='ltr'>Spiritusafflatu</span> <span class='ocrx_word' id='word_1_283' title='bbox 1461 3440 1735 3538; x_wconf 87' lang='lat' dir='ltr'>interpretentur.</span> <span class='ocrx_word' id='word_1_284' title='bbox 1788 3394 2023 3552; x_wconf 49' lang='lat' dir='ltr'>lalciiim</span> 
     </span>
     <span class='ocr_line' id='line_1_31' title="bbox 522 3535 2010 3640; baseline -0.004 -20"><span class='ocrx_word' id='word_1_285' title='bbox 522 3542 838 3640; x_wconf 53' lang='lat' dir='ltr'>*inscripturam</span> <span class='ocrx_word' id='word_1_286' title='bbox 850 3539 1067 3636; x_wconf 87' lang='lat' dir='ltr'>comparavit</span> <span class='ocrx_word' id='word_1_287' title='bbox 1080 3537 1202 3610; x_wconf 92' lang='lat' dir='ltr'>Divini</span> <span class='ocrx_word' id='word_1_288' title='bbox 1215 3537 1368 3609; x_wconf 85' lang='lat' dir='ltr'>numinis</span> <span class='ocrx_word' id='word_1_289' title='bbox 1382 3539 1621 3625; x_wconf 90' lang='lat' dir='ltr'>Providentia,</span> <span class='ocrx_word' id='word_1_290' title='bbox 1638 3560 1676 3611; x_wconf 92' lang='lat' dir='ltr'>ut</span> <span class='ocrx_word' id='word_1_291' title='bbox 1690 3539 1761 3638; x_wconf 86' lang='lat' dir='ltr'>ipsa</span> <span class='ocrx_word' id='word_1_292' title='bbox 1774 3535 1838 3612; x_wconf 90' lang='lat' dir='ltr'>sibi</span> <span class='ocrx_word' id='word_1_293' title='bbox 1853 3571 1923 3613; x_wconf 79' lang='lat' dir='ltr'>rum</span> <span class='ocrx_word' id='word_1_294' title='bbox 1938 3556 2010 3617; x_wconf 64' lang='lat' dir='ltr'>ivm</span> 
     </span>
     <span class='ocr_line' id='line_1_32' title="bbox 522 3629 1984 3742; baseline -0.01 -23"><span class='ocrx_word' id='word_1_295' title='bbox 522 3638 767 3742; x_wconf 51' lang='lat' dir='ltr'>&amp;interpam</span> <span class='ocrx_word' id='word_1_296' title='bbox 794 3639 1000 3712; x_wconf 86' lang='lat' dir='ltr'>&amp;homines</span> <span class='ocrx_word' id='word_1_297' title='bbox 1008 3636 1180 3723; x_wconf 86' lang='lat' dir='ltr'>industrii,</span> <span class='ocrx_word' id='word_1_298' title='bbox 1208 3637 1315 3731; x_wconf 87' lang='lat' dir='ltr'>adjuti</span> <span class='ocrx_word' id='word_1_299' title='bbox 1326 3641 1512 3712; x_wconf 88' lang='lat' dir='ltr'>communi</span> <span class='ocrx_word' id='word_1_300' title='bbox 1524 3638 1582 3712; x_wconf 88' lang='lat' dir='ltr'>ista</span> <span class='ocrx_word' id='word_1_301' title='bbox 1603 3641 1747 3738; x_wconf 88' lang='lat' dir='ltr'>Spiritus</span> <span class='ocrx_word' id='word_1_302' title='bbox 1765 3629 1984 3740; x_wconf 63' lang='lat' dir='ltr'>gra-‘strando</span> 
     </span>
     <span class='ocr_line' id='line_1_33' title="bbox 522 3711 2027 3873; baseline -0.007 -50"><span class='ocrx_word' id='word_1_303' title='bbox 522 3744 658 3847; x_wconf 63' lang='lat' dir='ltr'>&amp;quae</span> <span class='ocrx_word' id='word_1_304' title='bbox 666 3739 827 3817; x_wconf 84' lang='lat' dir='ltr'>fidelibus</span> <span class='ocrx_word' id='word_1_305' title='bbox 851 3737 1278 3838; x_wconf 86' lang='lat' dir='ltr'>omnibussuppeditatur‚</span> <span class='ocrx_word' id='word_1_306' title='bbox 1304 3734 1457 3812; x_wconf 86' lang='lat' dir='ltr'>adhibito</span> <span class='ocrx_word' id='word_1_307' title='bbox 1469 3738 1623 3840; x_wconf 86' lang='lat' dir='ltr'>diligenti</span> <span class='ocrx_word' id='word_1_308' title='bbox 1644 3737 1835 3824; x_wconf 86' lang='lat' dir='ltr'>scrutinio,</span> <span class='ocrx_word' id='word_1_309' title='bbox 1851 3711 2027 3873; x_wconf 48' lang='lat' dir='ltr'>ffla&#39;Jsa‘</span> 
     </span>
     <span class='ocr_line' id='line_1_34' title="bbox 522 3808 2103 3938; baseline -0.009 -14"><span class='ocrx_word' id='word_1_310' title='bbox 522 3844 823 3925; x_wconf 71' lang='grc' dir='ltr'>ΙΙοεοτιιηιὶηῑετ</span> <span class='ocrx_word' id='word_1_311' title='bbox 839 3838 870 3910; x_wconf 89' lang='lat' dir='ltr'>se</span> <span class='ocrx_word' id='word_1_312' title='bbox 885 3836 969 3913; x_wconf 75' lang='lat' dir='ltr'>farta</span> <span class='ocrx_word' id='word_1_313' title='bbox 979 3839 1167 3912; x_wconf 89' lang='lat' dir='ltr'>collatione</span> <span class='ocrx_word' id='word_1_314' title='bbox 1183 3891 1193 3925; x_wconf 93' lang='lat'>,</span> <span class='ocrx_word' id='word_1_315' title='bbox 1207 3841 1459 3913; x_wconf 86' lang='lat' dir='ltr'>mentemillius</span> <span class='ocrx_word' id='word_1_316' title='bbox 1468 3891 1480 3928; x_wconf 89' lang='lat'>,</span> <span class='ocrx_word' id='word_1_317' title='bbox 1516 3860 1687 3938; x_wconf 88' lang='lat' dir='ltr'>quantum</span> <span class='ocrx_word' id='word_1_318' title='bbox 1702 3838 1743 3912; x_wconf 93' lang='lat' dir='ltr'>ad</span> <span class='ocrx_word' id='word_1_319' title='bbox 1755 3839 1837 3911; x_wconf 91' lang='lat' dir='ltr'>salu·</span> <span class='ocrx_word' id='word_1_320' title='bbox 1851 3808 2026 3937; x_wconf 51' lang='lat' dir='ltr'>affin,</span> <span class='ocrx_word' id='word_1_321' title='bbox 2100 3885 2103 3893; x_wconf 89' lang='lat'><em>-</em></span> 
     </span>
     <span class='ocr_line' id='line_1_35' title="bbox 522 3936 2000 4037; baseline -0.003 -18"><span class='ocrx_word' id='word_1_322' title='bbox 522 3941 760 4027; x_wconf 65' lang='lat' dir='ltr'>usatitest,</span> <span class='ocrx_word' id='word_1_323' title='bbox 786 3936 923 4037; x_wconf 85' lang='lat' dir='ltr'>adsequi</span> <span class='ocrx_word' id='word_1_324' title='bbox 935 3939 1081 4011; x_wconf 86' lang='lat' dir='ltr'>valeant.</span> <span class='ocrx_word' id='word_1_325' title='bbox 1108 3939 1301 4036; x_wconf 81' lang='lat' dir='ltr'>Palsrmque</span> <span class='ocrx_word' id='word_1_326' title='bbox 1315 3939 1456 4026; x_wconf 84' lang='lat' dir='ltr'>videas,</span> <span class='ocrx_word' id='word_1_327' title='bbox 1491 3939 1694 4014; x_wconf 87' lang='lat' dir='ltr'>scrutinium</span> <span class='ocrx_word' id='word_1_328' title='bbox 1714 3940 1747 4011; x_wconf 75' lang='grc' dir='ltr'>ἃ</span> <span class='ocrx_word' id='word_1_329' title='bbox 1767 3938 1838 4011; x_wconf 91' lang='lat' dir='ltr'>col·</span> <span class='ocrx_word' id='word_1_330' title='bbox 1849 3953 2000 4030; x_wconf 69' lang='lat' dir='ltr'>phisicam</span> 
     </span>
    </p>
   </div>
   <div class='ocr_carea' id='block_1_3' title="bbox 522 4031 2005 4175">
    <p class='ocr_par' dir='ltr' id='par_1_5' title="bbox 522 4031 2005 4175">
     <span class='ocr_line' id='line_1_36' title="bbox 522 4031 2005 4175; baseline -0.015 -57"><span class='ocrx_word' id='word_1_331' title='bbox 522 4044 691 4125; x_wconf 62' lang='lat' dir='ltr'>hiemem</span> <span class='ocrx_word' id='word_1_332' title='bbox 702 4040 947 4140; x_wconf 80' lang='lat' dir='ltr'>scripturarum</span> <span class='ocrx_word' id='word_1_333' title='bbox 955 4038 1194 4114; x_wconf 77' lang='lat' dir='ltr'>commendari</span> <span class='ocrx_word' id='word_1_334' title='bbox 1208 4065 1328 4113; x_wconf 88' lang='lat' dir='ltr'>earum</span> <span class='ocrx_word' id='word_1_335' title='bbox 1336 4038 1519 4114; x_wconf 74' lang='lat' dir='ltr'>lectoribus</span> <span class='ocrx_word' id='word_1_336' title='bbox 1533 4070 1545 4121; x_wconf 79' lang='lat'>3</span> <span class='ocrx_word' id='word_1_337' title='bbox 1561 4039 1603 4113; x_wconf 84' lang='lat' dir='ltr'>ad</span> <span class='ocrx_word' id='word_1_338' title='bbox 1618 4036 1839 4112; x_wconf 83' lang='lat' dir='ltr'>novavatici·</span> <span class='ocrx_word' id='word_1_339' title='bbox 1852 4031 2005 4175; x_wconf 48' lang='lat' dir='ltr'>{iiim</span> 
     </span>
    </p>
   </div>
   <div class='ocr_carea' id='block_1_4' title="bbox 522 4137 1845 4541">
    <p class='ocr_par' dir='ltr' id='par_1_6' title="bbox 522 4137 1845 4541">
     <span class='ocr_line' id='line_1_37' title="bbox 522 4137 1841 4243; baseline -0.01 -24"><span class='ocrx_word' id='word_1_340' title='bbox 522 4148 598 4241; x_wconf 63' lang='grc' dir='ltr'>ἡ,</span> <span class='ocrx_word' id='word_1_341' title='bbox 625 4140 759 4243; x_wconf 79' lang='lat' dir='ltr'>quibus</span> <span class='ocrx_word' id='word_1_342' title='bbox 767 4139 884 4239; x_wconf 85' lang='lat' dir='ltr'>priscis</span> <span class='ocrx_word' id='word_1_343' title='bbox 894 4140 1041 4214; x_wconf 84' lang='lat' dir='ltr'>oraculis</span> <span class='ocrx_word' id='word_1_344' title='bbox 1049 4139 1343 4226; x_wconf 86' lang='lat' dir='ltr'>luxaccendatur,</span> <span class='ocrx_word' id='word_1_345' title='bbox 1364 4138 1439 4214; x_wconf 88' lang='lat' dir='ltr'>able</span> <span class='ocrx_word' id='word_1_346' title='bbox 1463 4142 1511 4213; x_wconf 93' lang='lat' dir='ltr'>ari</span> <span class='ocrx_word' id='word_1_347' title='bbox 1521 4137 1728 4212; x_wconf 85' lang='lat' dir='ltr'>nonvideas.</span> <span class='ocrx_word' id='word_1_348' title='bbox 1778 4140 1841 4232; x_wconf 87' lang='lat' dir='ltr'>Jo-</span> 
     </span>
     <span class='ocr_line' id='line_1_38' title="bbox 522 4169 1842 4341; baseline -0.009 -23"><span class='ocrx_word' id='word_1_349' title='bbox 522 4237 1003 4341; x_wconf 70' lang='lat' dir='ltr'>hnesmdpocslyplisua,</span> <span class='ocrx_word' id='word_1_350' title='bbox 1019 4264 1093 4338; x_wconf 87' lang='lat' dir='ltr'>quo</span> <span class='ocrx_word' id='word_1_351' title='bbox 1102 4239 1194 4316; x_wconf 88' lang='lat' dir='ltr'>libro</span> <span class='ocrx_word' id='word_1_352' title='bbox 1203 4241 1317 4314; x_wconf 89' lang='lat' dir='ltr'>nullus</span> <span class='ocrx_word' id='word_1_353' title='bbox 1325 4169 1506 4315; x_wconf 72' lang='lat' dir='ltr'>abstruimr</span> <span class='ocrx_word' id='word_1_354' title='bbox 1515 4240 1601 4312; x_wconf 85' lang='lat' dir='ltr'>alius</span> <span class='ocrx_word' id='word_1_355' title='bbox 1617 4238 1654 4310; x_wconf 90' lang='lat' dir='ltr'>in</span> <span class='ocrx_word' id='word_1_356' title='bbox 1669 4234 1842 4309; x_wconf 85' lang='lat' dir='ltr'>omnibus</span> 
     </span>
     <span class='ocr_line' id='line_1_39' title="bbox 522 4335 1845 4541; baseline -0.007 -124"><span class='ocrx_word' id='word_1_357' title='bbox 522 4340 922 4527; x_wconf 40' lang='lat' dir='ltr'>hugibolqmiuibus</span> <span class='ocrx_word' id='word_1_358' title='bbox 932 4340 1056 4435; x_wconf 77' lang='lat' dir='ltr'>exstat,</span> <span class='ocrx_word' id='word_1_359' title='bbox 1072 4335 1628 4541; x_wconf 52' lang='lat' dir='ltr'>munoffillliussspwlyefiss</span> <span class='ocrx_word' id='word_1_360' title='bbox 1640 4335 1845 4514; x_wconf 56' lang='lat' dir='ltr'>pollicetqerg¹</span> 
     </span>
    </p>
   </div>
   <div class='ocr_carea' id='block_1_5' title="bbox 0 0 2463 5425">
    <p class='ocr_par' dir='ltr' id='par_1_7' title="bbox 0 0 2463 5425">
     <span class='ocr_line' id='line_1_40' title="bbox 0 0 2463 5425; baseline 0 0"><span class='ocrx_word' id='word_1_361' title='bbox 0 0 2463 5425; x_wconf 95' lang='lat' dir='ltr'> </span> 
     </span>
    </p>
   </div>
  </div>
 </body>
</html>
