4909 5425
730 468 797 543 Da
833 467 1129 540 lorrarroar
1164 476 1222 533 ro
1259 463 1672 537 Paorurmuourr·
1836 491 1881 555 qr

574 584 699 670 XIV.
725 582 813 663 Non
837 581 948 660 ausm
973 593 1095 657 tamen
1120 582 1298 682 quaeJ'am
1321 578 1512 656 dictasunt
1535 582 1702 663 laoenus
1729 605 1875 685 urgere,
1890 621 1964 691 xlv
1988 631 2031 695 Pr

522 688 622 795 quasi
646 708 715 788 pro
734 698 833 761 certo
856 681 1081 759 [latuendum
1100 681 1165 765 sit,
1191 680 1385 780 prophetas
1410 680 1548 781 semper
1573 682 1699 760 eadem
1731 689 1873 783 praecise
1883 673 1973 782 paerae'
1988 648 2059 772 aab·

522 792 653 875 rerba,
679 783 879 884 eademque
904 781 1077 858 sermonis
1107 777 1375 880 compositione
1412 779 1456 854 ad
1486 781 1665 879 populum
1699 783 2029 880 remittemrojsese

522 886 720 991 quomodo
748 907 789 960 ea
822 904 867 956 ex
892 904 955 957 ore
983 878 1057 957 Dei
1087 879 1307 958 audiverant.
1355 877 1587 956 Contrarium
1619 882 1716 959 enim
1752 884 1870 963 inferri
1885 874 1968 956 “fl“
1979 883 2043 959 ⁰5⁷·

522 983 624 1091 posse
647 984 787 1061 videtur
818 980 993 1154 exemplo
1025 976 1161 1064 llofis,
1187 980 1253 1078 qui
1271 976 1391 1074 legem
1416 999 1523 1077 quam
1548 1001 1594 1055 ex
1623 993 1751 1058 monte
1777 984 1871 1063 Sinai
1885 939 2011 1085 ζμ*
2011 962 2056 1006 ¹*

522 1087 726 1169 audiverat,
754 1080 876 1182 paullo
912 1082 1010 1154 a'ter
1042 1079 1167 1154 recitat
1205 1082 1244 1151 in
1278 1076 1597 1164 Deuteronomio,
1625 1102 1667 1156 ac
1701 1081 1873 1183 descripta

522 1185 638 1263 exstat
664 1185 702 1259 in
726 1180 872 1261 Exodo,
924 1178 994 1256 Sua
1013 1179 1112 1254 enim
1133 1176 1195 1252 hic
1216 1175 1372 1276 quadam
1396 1176 1560 1254 libertate
1583 1179 1717 1265 utitur,
1744 1195 1785 1257 ut
1807 1206 1874 1260 vo.

521 1307 584 1363 ces
606 1282 811 1382 transponat
832 1278 1037 1362 interdum,
1089 1273 1232 1351 uasdam
1252 1275 1454 1352 cumidem
1478 1273 1755 1372 lignilicantibus
1769 1305 1875 1360 corn.

521 1396 665 1467 mutet,
693 1382 840 1457 omittat
870 1376 1035 1478 quaedam
1063 1301 1142 1451 batis
1173 1386 1262 1451 nota
1295 1397 1341 1449 ex
1362 1375 1566 1474 prioribus,
1593 1375 1700 1453 addat
1730 1379 1794 1455 alia
1819 1385 1876 1456 in.

521 1479 794 1581 terpretamenti
816 1478 920 1553 vice:
946 1476 999 1551 uti
1031 1472 1300 1550 conserentibus
1332 1473 1556 1550 manifestum
1582 1473 1656 1551 fiet.
1705 1479 1874 1577 Apostoli

521 1582 641 1659 etiam-
669 1590 777 1679 atque
806 1574 902 1654 Evan
929 1574 1032 1651 elillae
1057 1572 1239 1649 sermones
1269 1572 1428 1650 Domini
1452 1570 1530 1673 Jel'u
1556 1596 1671 1675 quum
1697 1579 1871 1666 recitant,

521 1690 606 1771 §tam
628 1698 778 1779 quoque
799 1599 947 1775 quanffo
970 1670 1085 1772 ipsum
1111 1670 1242 1748 diserte
1271 1670 1486 1772 loquentem
1509 1673 1766 1775 introducunt,
1793 1701 1872 1755 non

521 1777 647 1881 iisdem
667 1777 800 1877 quibus
825 1772 1013 1851 Dominus
1037 1781 1190 1847 utuntur
1221 1772 1365 1865 verbis3
1392 1775 1477 1872 quia
1505 1794 1582 1849 non
1610 1773 1734 1849 iisdem
1765 1791 1872 1855 utun·

521 1888 584 1959 rur
603 1878 697 1952 inter
717 1873 761 1951 se.
813 1870 858 1953 Et
879 1870 1027 1972 quando
1049 1870 1158 1945 verba
1177 1867 1437 1968 prophetarum
1458 1894 1504 1947 ex
1525 1869 1649 1949 Veteri
1663 1871 1873 1951 Tellamen,

521 1975 755 2059 rolandum,
780 1994 858 2049 non
877 1969 1003 2047 iisdem
1024 1968 1058 2046 se
1079 1967 1302 2066 adstringunt
1330 1970 1559 2055 diffitionibus.
1610 1968 1767 2048 Pertinet
1795 1974 1872 2051 hare

520 2072 728 2155 observatio
759 2090 831 2161 eo,
854 2093 900 2146 ne
933 2067 1042 2147 liniris
1076 2066 1290 2146 vocularum
1323 2093 1504 2172 aucupes,
1529 2069 1627 2172 quali
1658 2073 1698 2147 in
1731 2071 1870 2171 syllabis

520 2170 662 2253 Divina
683 2166 886 2247 consisteret
907 2166 1083 2268 sapientia
1135 2165 1176 2247 ld
1198 2165 1314 2246 modo
1335 2182 1521 2257 teneatur,
1547 2170 1695 2271 quando
1722 2185 1764 2247 ut
1785 2195 1872 2272 pro.

520 2270 643 2373 phetae
665 2269 927 2372 loquebantur,
953 2267 1032 2345 insti
1058 2280 1139 2347 ante
1170 2264 1195 2344 S
1222 2268 1329 2354 irim,
1355 2268 1493 2370 semper
1521 2272 1570 2345 ita
1600 2265 1698 2347 suilse
1725 2268 1872 2349 locutos
1961 2316 1965 2325 -

520 2381 567 2453 ut
588 2368 739 2469 Spiritus
767 2390 831 2445 eos
861 2366 1008 2449 volebat
1032 2291 1159 2470 soqui,
1186 2290 1399 2471 bmprrque
1428 2381 1592 2447 mentem
1625 2368 1777 2473 Spiritus
1809 2368 1873 2451 suo

520 2466 688 2589 sermone
711 2462 918 2571 exprelsrlse.
1025 2486 1028 2493 ’
1064 2532 1068 2537 ,
1879 2516 1881 2523 ·

1000 2641 1202 2724 CAP.
1278 2640 1446 2732 XIL.

642 2833 738 2944 ·De
764 2773 1094 2937 Patefastione
1121 2830 1318 2938 Divinae
1354 2830 1622 2941 voluntatis
1653 2863 1740 2978 per

1075 2986 1331 3129 Symbola.

519 3215 550 3300 Ι.
565 3212 721 3309 Propheta
759 3213 923 3313 nandoque
944 3233 998 3308 per
1025 3212 1173 3313 Symbola
1195 3214 1395 3287 voluntatem
1415 3217 1478 3286 Dei
1494 3177 1717 3308 patefeceram.
1743 3202 1784 3287 Π.
1801 3210 1875 3285 Ali·

734 3239 830 3401 ἕω
857 3312 1002 3387 adbibere
1026 3312 1104 3404 juffi
1126 3318 1207 3408 sunt
1235 3340 1306 3413 qua
1336 3311 1488 3386 videntur
1520 3335 1689 3409 repugnare
1714 3308 1874 3406 honestati.

523 3417 526 3422 ’
571 3314 775 3512 ffianppffias
795 3412 895 3485 nubre
917 3408 1143 3486 obimbuiaoir.
1171 3409 1232 3489 IV.
1257 3414 1294 3487 id
1312 3416 1349 3507 est
1367 3413 1486 3487 rororis
1507 3410 1639 3506 vasibus
1659 3411 1872 3486 exterioribus.

529 3513 533 3520 ’
569 3511 620 3592 V.
642 3512 736 3612 Qod
750 3510 922 3607 fiafflciebat
939 3527 979 3583 ut
997 3530 1054 3604 pro
1072 3514 1180 3605 ossenro
1199 3513 1276 3611 effer.
1312 3510 1375 3591 Vl.
1402 3519 1471 3585 Cur
1492 3519 1525 3586 in
1549 3510 1664 3607 Judaa
1687 3516 1734 3583 ita
1759 3510 1873 3586 amba·

571 3615 707 3699 laverit,
716 3638 832 3808 parum
852 3614 999 3707 piratam
1019 3609 1144 3686 deberet
1166 3640 1182 3686 e
1203 3641 1219 3685 e
1238 3612 1395 3711 AEgyptiri
1416 3609 1457 3698 (ξ’
1478 3613 1681 3705 AEtbiopibor.
1704 3605 1872 3688 Vllfru-

562 3717 638 3813 fiae
655 3737 699 3788 aa
735 3729 857 3786 corruat
877 3710 988 3785 ducere
1005 3714 1134 3811 julla?
1203 3707 1262 3793 ill.
1280 3720 1358 3788 Non
1377 3712 1415 3803 est
1432 3710 1608 3805 probabile,
1634 3712 1671 3784 id
1690 3717 1724 3784 in
1743 3718 1789 3785 rei
1813 3734 1873 3779 ve·

571 3823 684 3892 ritate·
699 3811 837 3910 lassata.
875 3807 943 3889 IX.
967 3818 1080 3909 Neque
1113 3812 1248 3912 legitimo
1271 3816 1470 3886 matrimonio
1492 3810 1554 3902 fibi
1571 3813 1681 3905 junxit
1712 3811 1873 3885 mulierem

569 3916 650 3992 alirn
664 3910 909 4010 fornicatricem.
934 3906 985 3987 X.
1001 3917 1072 3984 Nec
1088 3918 1123 3984 in
1143 3911 1258 4006 oifione
1275 3910 1448 4004 prophetica
1465 3911 1552 4002 vifhs
1564 3909 1628 4002 fibi
1648 3912 1689 4084 εξ
1709 3934 1782 3983 cum
1802 3934 1871 3983 me·

568 4017 685 4094 retrior
701 4014 805 4109 jungi.
842 4007 910 4089 Xl.
934 4009 1000 4085 Sed
1031 4010 1140 4085 cunila
1161 4011 1222 4083 bac
1247 4037 1332 4084 mera
1350 4012 1430 4103 fiant
1451 4010 1607 4104 parabola.
1648 4065 1663 4085 .
1692 4005 1730 4083 ΙΙ.
1754 4015 1870 4108 Neque

519 4115 523 4124 ’
570 4116 633 4194 aaa
650 4112 851 4206 explicatione
870 4111 919 4184 vir
938 4108 1114 4204 prophetica
1131 4110 1266 4206 pbrafios
1291 4127 1471 4184 enervatur.
1509 4106 1609 4187 Xlll.
1630 4113 1773 4185 Nomina
1794 4132 1871 4182 mu·

574 4217 661 4292 lieris
680 4209 721 4298 6⁸
729 4211 875 4310 filiorram
894 4207 1105 4284 emblemarica
1132 4209 1234 4285 eodem
1257 4208 1390 4284 ducunt.
1428 4205 1536 4291 XIV.
1553 4228 1600 4303 Aa
1621 4205 1763 4287 Eaecbiel
1779 4234 1872 4284 reue·

518 4327 529 4342 '
571 4343 613 4398 ra
634 4311 782 4387 bouem
802 4317 861 4385 ani
879 4313 972 4386 sormi
989 4325 1039 4384 tot
1058 4307 1123 4383 dies
1145 4309 1353 4385 incumbere?
1376 4305 1464 4386 XV.
1477 4313 1619 4396 maanes
1629 4327 1689 4402 prr
1703 4326 1796 4404 parte
1812 4332 1871 4386 ne·

565 4413 677 4550 Q,
698 4406 805 4538 xvi
820 4415 880 4488 nr
898 4413 1010 4507 aare.
1035 4401 1161 4500 xvir.
1186 4405 1325 4492 xum.
1353 4403 1663 4530 murmuro
1796 4519 1798 4525 .
1851 4515 1853 4522 -

551 4613 555 4620 Ι
1019 4539 1029 4548 -
1567 4593 1590 4634 ,
1824 4546 1874 4628 rt
