4909 5425
593 417 595 421 ¹
671 512 730 584 na
1066 490 1190 565 trs.
1221 487 1250 562 1.
1317 438 1607 566 elsxxr.

672 618 717 692 ab
756 607 939 710 imperito
970 603 1100 683 intrusa
1141 605 1204 685 est,
1255 602 1302 683 V.
1335 604 1413 682 Stili
1445 608 1554 683 etiam
1590 606 1890 711 discrepantiam
1918 617 2018 701 oblm-

675 714 787 792 duntt
816 707 987 808 frigidum
1012 701 1079 780 elle
1114 707 1238 802 ajunt,
1270 703 1425 790 harere,
1452 704 1595 793 sudare,
1632 709 1862 798 balbutire,
1896 720 1951 816 qui
1966 720 2018 797 loe

675 816 835 899 ἐπίβλημα
872 808 975 905 operi
1019 802 1181 878 accudit.
1233 799 1299 885 vl.
1340 800 1512 916 Denique
1556 803 1769 886 absurdum
1818 808 1914 901 elle,
1948 814 2017 993 {ab

703 911 813 993 hum,
846 908 948 999 cujus
979 903 1018 977 in
1048 898 1287 977 Ethnicorum
1318 913 1512 977 vamtatem
1547 907 1696 1003 potius,
1732 930 1860 1010 quam
1888 915 1925 989 in
1973 938 2017 1017 p·

677 932 854 1085 stolorum
880 1000 1100 1100 disciplinam
1126 1000 1268 1075 animus
1291 996 1500 1086 inclinabat,
1524 1000 1703 1082 fatentem
1731 1008 1939 1099 inducere,
1956 1012 2013 1091 Pro

704 1104 803 1180 hetas
840 1095 1036 1201 praedixille
1060 1095 1155 1173 casus
1183 1120 1225 1173 ac
1258 1096 1353 1195 gella
1385 1096 1514 1176 Christi
1543 1098 1651 1199 Jesu,
1673 1126 1726 1181 ac
1758 1106 1930 1188 reditum
1956 1134 2010 1213 pn

668 1128 798 1278 ipirrtim
832 1199 877 1276 ad
908 1199 1028 1274 vitam.
1082 1194 1134 1273 lta
1163 1193 1237 1271 sere
1269 1194 1407 1270 Rhodes
1440 1203 1525 1295 Epis.
1556 1201 1600 1272 ad
1622 1206 1772 1279 Amold
1795 1206 1845 1294 ό·
1882 1212 2007 1315 Taqd

678 1301 774 1375 faber
805 1307 839 1374 in
875 1303 930 1369 Ei
951 1298 1018 1377 olis.
1408 1304 1413 1317 '

489 1414 639 1486 mlxix.
727 1318 946 1476 xxxiii
973 1397 1138 1488 ’aelami
1170 1391 1289 1469 nostra
1319 1391 1397 1467 haec
1426 1392 1511 1470 esto.
1561 1396 1588 1475 Ι.
1614 1397 1709 1476 Non
1743 1403 2006 1485 admodum'n·

488 1502 651 1592 ’salome
677 1498 843 1596 digemus
881 1492 954 1569 hoc
993 1503 1234 1592 argumento,
1274 1511 1390 1589 quum
1427 1492 1471 1567 ad
1507 1518 1585 1572 rem
1617 1497 1879 1581 Christianam
1916 1528 2006 1609 prop

675 1596 831 1673 modum
874 1590 1025 1691 perinde
1055 1587 1098 1665 fit
1128 1588 1218 1690 quid
1249 1586 1434 1761 ἑοῑερὴυρ
1473 1591 1519 1668 de
1554 1594 1698 1672 Christo
1741 1602 1950 1681 crediderit
1972 1616 2007 1685 1

674 1691 867 1772 tradiderit
919 1688 1017 1767 Tota
1054 1700 1247 1765 controver
1274 1708 1294 1761 a
1324 1708 1438 1783 magis
1472 1690 1669 1784 Historia,
1717 1719 1845 1798 quam
1882 1701 2010 1781 Thau.

673 1795 753 1894 gica
779 1789 849 1865 est:
882 1790 997 1888 magis
1020 1784 1065 1863 ad
1087 1785 1331 1861 eruditionem
1355 1782 1574 1878 secularem,
1599 1815 1713 1893 quam
1739 1796 1790 1872 ad
1818 1799 1933 1879 fidem
1956 1826 2008 1904 pe·

674 1894 803 1967 tineus,
856 1885 899 1965 ll.
921 1885 1077 1965 Proinde
1099 1883 1247 1961 nonest
1275 1884 1384 1958 nimis
1406 1889 1615 1987 exagitanda
1641 1914 1785 1972 eorum
1814 1899 2013 1999 ingenim,

673 1990 737 2089 qui
759 1985 899 2063 malunt
920 1985 994 2062 hoc
1016 1993 1233 2082 argumento
1254 2003 1330 2057 non
1354 1985 1435 2069 uti,
1461 2009 1506 2063 ne
1531 1989 1713 2087 plumbeis
1737 2000 1863 2074 armis
1885 2020 2010 2101 pugna

673 2088 888 2175 videantur,
914 2084 978 2160 ubi
999 2082 1198 2158 decretoria
1217 2086 1296 2157 non
1317 2078 1450 2162 desunt
1500 2085 1695 2165 Praesertim
1728 2116 1862 2193 quum
1884 2100 2017 2185 conllt..

674 2184 790 2261 multa
811 2184 925 2260 aliena
949 2184 1155 2282 antiquitus
1166 2176 1338 2265 conlitla,
1364 2182 1571 2287 magnisque
1588 2187 1806 2269 autloribus
1830 2194 1944 2275 affida
1959 2190 2012 2274 bi·

673 2283 800 2372 se‚*de
824 2284 956 2383 quibus
979 2295 1099 2356 tamen
1120 2280 1172 2355 illi
1197 2300 1318 2378 neque
1343 2280 1528 2378 vigilantes
1565 2308 1686 2386 neque
1716 2288 1953 2373 somniantes
1970 2316 2020 2375 uo.

674 2378 1061 2557 giltlaveranthduoig
1075 2379 1495 2553 pm'ss‘ssfffflmm
1522 2381 1668 2483 syrmate
1688 2395 1931 2490 comprobat
1948 2398 2018 2471 Νι.

732 2508 795 2569 us,
819 2507 854 2553 m
934 2533 944 2552 .
1056 2504 1137 2550 arm.

677 2579 866 2679 pereritica
888 2571 1120 2676 quorundam
1142 2503 1258 2659 crlyfis,
1287 2576 1349 2674 qui
1374 2574 1447 2653 fine
1472 2576 1670 2659 necessitate
1693 2608 1734 2661 ar
1796 2606 1928 2670 menta
1953 2614 2013 2673 αι

704 2677 849 2760 uirunt,
875 2672 1007 2776 quibus
1032 2667 1091 2747 sua
1114 2670 1279 2748 fidelibus
1303 2696 1400 2752 arma
1424 2690 1670 2782 extorqueant
1727 2723 1730 2728 ·
1755 2689 1861 2767 atius
1886 2692 1938 2770 eil
1957 2692 2012 2772 bn·

677 2700 755 2854 pum
775 2774 883 2850 nobis
905 2770 1147 2850 eruditionem
1169 2770 1332 2864 nostram,
1345 2772 1523 2866 famulari,
1551 2792 1592 2856 ut
1612 2778 1688 2858 suas
1710 2781 1893 2868 hostibus
1915 2813 2015 2892 exorp

677 2875 799 2952 tiones
827 2874 1038 2974 eripiamus,
1063 2893 1172 2971 quam
1207 2883 1249 2944 ut
1283 2869 1348 2968 ipfi
1377 2896 1435 2949 eas
1466 2876 1705 2978 suggeramus.
1762 2883 1840 2967 lv.
1868 2890 1946 2989 Qui
1970 2909 2015 2994 pu

678 2978 850 3064 pinsitam
871 2973 977 3069 hujus
1009 2970 1082 3045 loci
1107 2981 1293 3069 pugnant,
1318 2980 1360 3045 ut
1385 2971 1431 3046 de
1463 2980 1598 3054 caeteris
1627 2981 1846 3065 rationibus
1882 3003 2017 3076 neten.

573 3115 576 3122 ·
678 3085 825 3151 tuentur
859 3070 894 3149 se
918 3064 1154 3170 poffeffione3
1176 3067 1274 3143 uode
1311 3068 1524 3148 deturbandi
1563 3099 1643 3153 non
1667 3076 1783 3169 sunt,
1813 3085 1885 3166 nisi
1922 3089 2016 3168 alili

679 3169 978 3256 convitiionibus.
1034 3169 1203 3264 Quarum
1233 3168 1353 3244 vicem
1384 3171 1544 3269 praeliare
1576 3196 1654 3250 non
1690 3179 1856 3280 possunt
1895 3213 1935 3268 ea
1957 3205 2015 3292 g:

678 3292 729 3371 op
756 3281 936 3348 onuntur:
964 3279 1006 3344 ut
1029 3262 1127 3342 exli
1180 3265 1326 3342 olorum
1351 3271 1516 3345 examine
1563 3275 1682 3352 atebit
2006 3337 2012 3352 .

486 3400 552 3468 gg,
569 3399 625 3462 ga.
778 3367 819 3447 L.
845 3366 948 3468 Resp.
971 3366 1016 3442 ad
1041 3362 1163 3442 PRlNl
1199 3364 1253 3443 M.
1304 3363 1348 3442 ln
1367 3294 1562 3484 caullaelf
1590 3451 1592 3455 ,
1621 3376 1718 3490 otuit
1742 3381 1867 3464 dolus
1899 3388 2020 3492 Juda-

394 3495 397 3500 ·
483 3481 653 3559 penduntur
676 3491 778 3555 rum,
804 3468 934 3569 quiex
959 3460 1171 3566 quibusdam
1194 3465 1458 3564 exemplanbus
1477 3491 1550 3565 Jam
1574 3395 1808 3578 abantiquo
1830 3485 1931 3568 hanc
1948 3487 2019 3592 pm'·

488 3562 612 3710 {22⁰3
675 3591 813 3670 copam
837 3563 1026 3646 eraserunt.
1077 3560 1150 3640 Cui
1169 3559 1358 3661 suspicioni
1386 3564 1496 3641 sidem
1515 3567 1599 3645 sacit
1620 3579 1749 3649 iaronii
1778 3583 1953 3666 adversus¹

489 3715 572 3773 rium.

1367 2534 1376 2552 .
1406 2476 1494 2556 Non
1520 2492 1639 2559 tamen
1672 2483 1873 2569 laudanda
1908 2495 1955 2571 est
1974 2496 2014 2595 lp

676 3667 777 3745 daeos
802 3661 1061 3764 expostulatio,
1087 3661 1132 3736 ad
1155 3671 1246 3737 Aen.
1274 3664 1331 3737 cb.
1345 3685 1479 3742 xxx1v.
1504 3671 1538 3757 §.
1548 3681 1633 3748 226.
1659 3679 1853 3775 aquibus
1880 3687 1927 3763 ab

678 3765 747 3886 elle
767 3763 886 3841 scribit
907 3761 982 3840 hoc
1000 3758 1147 3864 Josephi
1165 3757 1210 3837 de
1232 3759 1373 3876 Christo
1391 3761 1657 3879 testimonium,
1675 3771 1714 3846 in
1735 3785 1863 3892 ueteri
1948 3884 1957 3904 ι

508 3929 572 3972 ··
676 3863 839 4063 illata
858 3861 1188 4037 siliistltstls
1206 3855 2018 4062 Jsstltlltlznsltnmbttt

671 4064 832 4159 strabonus.
860 4069 966 4134 Exerc.
979 4079 1063 4134 xva.
1089 4064 1195 4135 Nun.
1210 4079 1294 4138 221.
1345 4058 1394 4137 At
1416 4059 1574 4140 vindicat
1596 4063 1800 4151 Batonium
1835 4088 1977 4162 Hm

683 4183 740 4254 50.
776 4159 914 4252 sistor,
938 4158 1085 4256 inquit,
1108 4155 1255 4259 hodieque
1284 4159 1379 4234 coda
1409 4161 1458 4234 ille
1481 4168 1517 4235 in
1554 4170 1706 4242 Vincam
1733 4105 2018 4276 mutatam}

678 4265 851 4334 inanum
874 4257 1016 4349 absolvit.
1066 4255 1195 4331 Plotius
1221 4268 1343 4334 autem
1374 4257 1539 4358 ignorare
1561 4283 1638 4337 non
1671 4273 1805 4365 potuit
1837 4277 1920 4362 hoc
1945 4281 2018 4362 resa

678 4358 849 4432 monium
884 4357 923 4432 in
955 4355 1049 4471 bene
1083 4353 1388 4472 multis·Jo·seplri
1424 4358 1685 4464 exemplaribus
1701 4371 1896 4480 ,fflffioes
1922 4399 2017 4486 qm

680 4471 729 4526 ex
759 4456 887 4551 &sebio
918 4452 1062 4558 alasque
1090 4451 1131 4532 ld
1152 4452 1332 4540 didicerit.
1380 4453 1452 4536 Sed
1479 4479 1562 4536 non
1595 4461 1840 4556 construent
1880 4481 2015 4598 illem

1886 4623 1893 4632 ·
1960 4593 2012 4658 ll!
