4909 5425
672 533 729 592 104
1046 502 1174 577 LIB.
1205 504 1233 577 1.
1298 506 1432 578 CAP-
1465 506 1586 582 XIV.

673 622 784 706 buisse
805 618 946 701 credis?
970 617 1100 719 Neque
1124 621 1324 713 enimvox
1354 644 1452 703 r-rnn
1477 625 1589 719 chose,
1616 624 1676 703 vel
1704 639 1809 711 rixa
1832 636 1914 721 Rae,

674 728 837 806 sentanea
872 724 910 796 in
947 742 993 794 eo
1028 719 1191 795 sermone
1227 716 1349 794 suisset.
1401 717 1532 824 Neque
1568 723 1656 810 alia,
1685 725 1801 827 quod
1843 730 1966 821 sciam‚'

653 824 826 906 ¹Hebraea
859 821 980 919 lingua
1009 819 1225 907 invenitur,
1265 840 1345 918 quae
1379 814 1470 896 illius
1506 823 1581 898 vim
1617 826 1827 925 exprimat.
1894 830 1931 911 sn

675 923 804 1004 muelis
848 932 970 995 autem
1008 917 1184 1004 historia,
1221 939 1300 992 non
1340 914 1493 996 docetur
1531 943 1666 999 rocem
1709 926 1814 1001 Naba·
1849 940 1930 1009 tunc

674 1046 776 1099 mum
803 1019 958 1116 usurpari
985 1027 1172 1112 coeptam,
1203 1013 1262 1090 sed
1296 1014 1389 1089 illius
1424 1016 1727 1117 significationem
1765 1023 1892 1129 aliqua

672 1132 846 1199 mutatam
862 1111 939 1197 esse.
990 1113 1093 1217 Olim
1107 1139 1202 1196 Nm
1222 1112 1439 1212 significabat
1459 1116 1730 1199 intercessorem
1754 1126 1865 1237 apud

673 1221 965 1317 &interpretem
990 1212 1133 1289 Divinae
1155 1210 1374 1304 voluntatis,
1400 1236 1520 1314 eoque
1551 1214 1646 1294 sensu
1684 1219 1913 1305 Patrtarchis
1973 1230 1978 1245 '

673 1321 818 1401 buitur,
846 1314 909 1413 qui
943 1312 1077 1387 ubicun
1105 1331 1152 1385 ue
1181 1311 1382 1397 vixerunt,
1408 1313 1547 1390 cultum
1577 1314 1652 1393 Dei
1692 1340 1957 1415 exercuerint,

675 1419 764 1495 alios
790 1415 1012 1497 docuerunt,
1038 1410 1076 1484 dc
1138 1430 1221 1484 eum
1244 1409 1424 1508 deprecati
1447 1410 1535 1490 sunt.
1586 1413 1679 1492 Non
1704 1420 1912 1518 praecisen

530 1558 534 1565 ·
672 1515 926 1682 praenunciunp
939 1509 1166 1623 futurorum:
1193 1529 1275 1608 quae
1293 1505 1616 1606 fignificatiocirca
1642 1526 1836 1618 tempora
1864 1523 1940 1609 Sam

672 1617 1326 1795 prapprppap'pipupopprpenmeuchi‚¹
1347 1703 1394 1783 src
1415 1710 1531 1810 pergit
1550 1709 1740 1803 Criticus,
1774 1720 1990 1803 narratsini

571 1876 578 1892 .
673 1836 756 1891 xvr.
772 1835 827 1909 35.
858 1830 900 1885 ea
923 1829 1002 1906 quae
1027 1803 1175 1881 demum
1201 1803 1282 1904 post
1314 1804 1427 1882 nrofis
1456 1821 1612 1887 mortem
1635 1811 1731 1890 noa
1771 1816 1887 1917 sunt3
1909 1834 1991 1923 nto·

555 1953 562 1970 ·
612 1950 622 1969 ·
672 1923 773 2015 paret
792 1931 838 1985 ex
860 1904 929 2009 Jos
954 1928 984 1980 v.
1002 1931 1059 1983 11.
1089 1906 1163 1980 Filii
1188 1906 1284 1999 israe!
1306 1905 1507 1997 arescebantm
1530 1915 1659 1986 Manna
1690 1920 1917 2021 quadraginta
1930 1923 1991 1996 αι’

671 2015 766 2091 donec
785 2015 935 2083 evenirent
966 2012 999 2081 in
1024 2012 1173 2104 regionem
1194 2003 1424 2084 habitabilem:
1452 2016 1602 2106 Manna,
1628 2018 1813 2111 inquam,
1843 2022 1990 2113 adadu

669 2116 764 2190 donec
781 2114 976 2204 pervenirent
996 2105 1040 2178 ad
1059 2111 1287 2179 extremitatem
1306 2107 1432 2201 regionis
1457 2114 1628 2185 Carnam.
1684 2110 1991 2218 Respondmzmn

670 2210 787 2288 audeo
808 2228 893 2283 cum
913 2201 1124 2302 quibusdam
1143 2201 1275 2278 claram
1296 2199 1568 2375 simplicemque
1587 2207 1796 2291 historiam
1821 2220 1864 2295 in
1882 2216 1991 2321 prom

542 2364 545 2368 -
669 2311 756 2386 tiam
777 2316 921 2381 vertero
973 2300 1140 2399 Agnosco
1170 2299 1335 2398 igitur&
1382 2303 1416 2378 ic
1442 2301 1610 2382 seriorem
1635 2332 1824 2394 manum.

720 2402 852 2487 XLV.
879 2401 928 2480 At
960 2422 1037 2475 non
1067 2399 1175 2474 video
1203 2422 1268 2475 cur
1293 2421 1334 2474 ea
1364 2402 1587 2499 agnoscenda
1618 2405 1683 2494 fit,
1714 2414 1835 2493 versu
1863 2414 1988 2519 [εφιαά

567 2510 578 2602 ζ
673 2516 791 2585 Homer
812 2520 920 2576 aurem
941 2500 1059 2576 decime
1082 2503 1120 2592 est
1141 2499 1244 2593 Ephe.
1292 2496 1414 2576 Audio
1439 2502 1588 2603 quidem
1610 2505 1819 2593 dicentem
1845 2516 1986 2601 Criticu

551 2664 559 2683 .
612 2662 621 2683 .
672 2627 748 2708 qno
783 2615 949 2699 tempore
983 2595 1145 2673 mensura
1176 2596 1293 2697 aliqua
1323 2599 1362 2672 in
1393 2608 1584 2680 communi
1610 2604 1831 2693 hominum
1867 2614 1927 2693 usu
1941 2612 1985 2697 id·

669 2708 732 2783 vix
753 2697 819 2781 esse
843 2709 883 2774 ut
904 2698 985 2797 quis
1036 2697 1246 2773 uantitatem
1274 2698 1476 2795 capacitatis
1510 2702 1603 2782 illius
1631 2704 1712 2784 aliis
1739 2728 1985 2815 exponatur·

668 2808 732 2882 bis.
769 2796 825 2877 sd
851 2817 965 2898 genus
995 2720 1259 2873 osaservationes
1296 2806 1375 2871 tum
1407 2797 1556 2877 demum
1591 2803 1687 2894 fieri,
1718 2810 1796 2887 ubi
1836 2813 1917 2892 usus
1944 2811 1985 2890 fl

665 2898 836 2982 mensurae
864 2893 991 2971 defitus
1017 2894 1076 2970 est.
1129 2897 1176 2973 At
1204 2892 1435 2993 respondeo:
1462 2898 1504 2974 sae
1532 2925 1551 2977 e
1576 2907 1711 2981 narrari
1742 2932 1793 2987 ea
1826 2937 1909 3018 quae
1934 2925 1985 2990 tu

666 3012 753 3080 nota
779 3005 902 3081 erant,
927 3006 969 3070 ut
991 3009 1077 3070 nota
1104 2990 1212 3069 essent
1235 2992 1437 3091 posteritati.
1516 3012 1531 3076 t
1556 3004 1711 3079 memini
1749 3032 1840 3088 non
1874 3011 1985 3090 suren·

666 3104 768 3179 tione
785 3094 869 3170 aiibi
889 3114 962 3168 con
990 3094 1126 3169 nestum
1149 3088 1245 3167 fuisse
1267 3091 1461 3181 criticum,
1489 3099 1590 3197 quod
1613 3105 1650 3175 in
1679 3101 1885 3194 scribenda
1915 3109 1984 3188 hisso

666 3201 737 3281 ria,
764 3215 898 3294 magno
919 3118 1129 3292 posteritatis
1149 3189 1353 3289 dispendio,
1379 3216 1420 3270 ea
1445 3194 1533 3295 saepe
1559 3204 1915 3298 praetermittantur,
1937 3225 1984 3313 qr!

665 3293 824 3399 praesenti
843 3295 923 3365 ovo
943 3290 1113 3365 omnibus
1135 3287 1386 3387 supponuntur
1407 3289 1473 3370 esse
1493 3295 1697 3394 notissrma.¹
1732 3303 1814 3383 Sed
1833 3309 1985 3387 unden-

667 3400 718 3472 vit
749 3391 891 3474 noster,
918 3387 1105 3464 serioribus
1135 3389 1338 3486 reipublicae
1373 3390 1563 3471 israeliticae
1597 3395 1723 3474 seculis
1763 3428 1853 3485 non
1882 3407 1986 3486 casin

564 3573 567 3578 ⁴
665 3490 868 3574 mensuras,
895 3491 931 3562 in
967 3486 1161 3564 hominum
1193 3489 1359 3563 manibus
1391 3488 1488 3568 soisse
1514 3494 1688 3574 versatas?
1722 3515 1793 3581 aut
1831 3511 1987 3586 nonore·

665 3608 753 3673 tunc
769 3589 810 3663 iis
831 3582 927 3662 suisse
955 3586 1189 3684 capacitatem
1222 3585 1330 3684 Ephae
1354 3611 1460 3687 quam
1490 3590 1668 3671 Homer?
1691 3596 1880 3684 Conferri
1905 3625 1987 3686 mett·

664 3709 722 3771 tur
742 3688 780 3764 id
802 3684 904 3785 quod
929 3681 1052 3761 Deum
1077 3684 1173 3764 Masi
1197 3683 1318 3760 dixisse
1345 3684 1436 3788 sacra
1465 3690 1581 3769 nar'rat
1605 3695 1765 3778 historia.
1796 3702 1919 3784 Num
1932 3729 1987 3788 rte

665 3822 724 3896 47.
752 3792 892 3880 Accipies
914 3792 1052 3883 quinque
1062 3785 1151 3877 siclos
1170 3807 1225 3879 pro
1252 3812 1372 3884 quoque
1393 3795 1491 3881 eapite
1512 3822 1523 3862 .·
1543 3813 1639 3886 prout
1660 3799 1698 3891 est
1713 3799 1824 3890 ficlns
1863 3835 1932 3884 acm
1952 3827 1988 3880 a·

664 3900 784 3985 cipite:
822 3892 937 3982 viginti
960 3883 1115 3960 obolorum
1136 3888 1176 3980 est
1184 3884 1273 3977 ficlm
1299 3887 1355 3958 ille
1408 3886 1505 3964 Nota
1533 3890 1688 3969 Deumi
1716 3896 1801 3978 sum
1886 3903 1936 3984 ofi
1950 3923 1987 3982 n·

661 3992 780 4066 sotem
803 3982 877 4060 sicli
899 3983 1075 4084 explicare
1097 4005 1161 4082 per
1185 3980 1327 4058 obolos.
1379 3984 1544 4065 insertam
1569 3995 1670 4069 enim
1739 3998 1850 4081 ivino
1882 3999 1987 4084 semet¹
2018 4005 2020 4010 ’

661 4091 699 4164 ni
721 4111 741 4163 a
761 4082 878 4160 nescio
912 4105 987 4183 quo
1018 4081 1095 4158 sero
1127 4081 1296 4180 scriptore
1319 4082 1413 4162 hanc
1441 4088 1664 4186 parenthesin
1691 4093 1792 4188 esse,
1820 4103 1922 4183 illius
1947 4103 1987 4180 d)

661 4210 766 4360 propp
787 4181 836 4257 est
853 4182 1004 4357 1piceae,
1029 4183 1093 4289 qui
1126 4180 1250 4257 validis
1280 4180 1326 4256 ad
1358 4183 1397 4259 id
1431 4188 1663 4287 probandum
1691 4209 1930 4300 argumentis
1952 4205 1989 4282 it·

662 4289 676 4362 i
709 4308 733 4360 u
767 4305 808 4360 us
833 4304 892 4361 e.

481 4411 587 4481 XLVI,
712 4377 870 4463 XLVL
897 4380 986 4462 Haec
1006 4403 1053 4456 ex
1078 4374 1214 4457 Exono
1241 4385 1425 4460 annotavit
1450 4385 1635 4468 Criticus:
1662 4413 1709 4468 ex
1728 4391 1839 4482 libris
1866 4403 1989 4489 Lm

480 4498 567 4559 ocur.
583 4511 609 4556 ι.
623 4507 649 4554 ι.
665 4500 799 4562 conon
830 4478 869 4556 dt
897 4480 1145 4562 damonum
1175 4478 1275 4561 nitril.
1324 4485 1372 4562 At
1400 4488 1553 4588 paucula
1586 4513 1634 4570 ex
1667 4491 1988 4586 Deumonom

1919 4601 1989 4688 ho
