4909 5425
661 518 701 587 62
1103 499 1287 575 Lini·
1343 494 1564 572 canit
1666 482 1680 503 ‘

662 650 734 735 que
759 626 915 704 afflamm
938 619 1187 723 recipiendum
1210 616 1463 718 disponerent,
1489 626 1551 692 aut
1571 614 1852 717 prepararent?
1880 608 2005 695 Noor-

661 730 785 809 liunde
809 729 867 812 id,
894 721 957 801 nifi
979 746 1025 799 ex
1049 720 1141 798 sacra
1162 719 1330 804 historia,
1356 715 1529 815 cognosci
1553 716 1680 816 poteli
1733 713 1788 795 Ea
1817 715 2005 803 docemu.

664 833 708 908 ab
746 823 989 927 antiquissimis
1025 819 1231 920 reipublicae
1261 815 1455 894 Israeliticae
1489 815 1714 915 temporibus
1740 816 1878 911 scholae
1914 812 2008 906 fuist,

667 931 798 1033 quibus
825 930 988 1001 'urentus
1011 922 1056 997 ad
1080 942 1200 995 rerum
1231 916 1447 996 Divinarum
1466 918 1629 1014 peritiam
1651 928 1912 999 exerceretur.

481 1062 510 1129 lt
562 1079 614 1120 oa.
715 1028 763 1107 ll.
830 1048 932 1101 arum
955 1023 1070 1121 prima
1092 1018 1153 1094 sub
1176 1018 1317 1093 Samuele
1342 1015 1482 1093 mentio
1505 1014 1571 1100 est,
1597 1016 1661 1115 qui
1684 1016 1734 1091 ita
1749 1015 1912 1093 Saulem
1930 1037 2007 1093 con·

482 1066 641 1230 νιὶηιρῆὶιρ
665 1122 803 1231 pellalle
834 1122 999 1225 proditur
1036 1144 1051 1197 1
1072 1118 1162 1195 Sam
1185 1141 1221 1193 x.
1243 1142 1272 1212 5.
1307 1115 1503 1212 Postmodum
1527 1122 1689 1209 pervenies
1717 1116 1768 1191 ad
1797 1116 1914 1191 codem
1940 1119 2009 1212 ipsu

425 1250 429 1257 ’
482 1219 654 1350 Primis?
668 1237 750 1319 Dei,
774 1225 831 1301 ubi
842 1226 923 1316 suot
930 1225 1112 1319 stationarii
1131 1221 1247 1293 militer
1268 1218 1488 1311 philistaeorum
1502 1262 1513 1299 ,
1528 1221 1649 1313 eritque
1666 1240 1770 1317 quum
1793 1218 1947 1317 ingrffn
1959 1218 2009 1315 [ιι

485 1297 655 1437 'ffiassff'
669 1337 714 1405 ris
742 1334 928 1405 civitatem,
954 1338 993 1394 ut
1016 1345 1160 1393 occurras
1178 1317 1279 1392 turbo
1301 1316 1541 1411 prophetorum,
1569 1315 1831 1406 descendentium
1856 1316 1900 1391 de
1918 1318 2009 1393 adeo
2042 1396 2046 1405 ,

480 1380 655 1533 }uredortaf-
671 1429 768 1523 cesso,
792 1449 864 1497 cam
888 1420 1014 1516 nablo,
1040 1444 1112 1491 com
1133 1437 1297 1519 tympano,
1325 1414 1481 1504 &sibim
1508 1412 1683 1499 &cithara
1703 1432 1783 1489 onte
1798 1418 1865 1509 fir,
1892 1426 1950 1519 qui
1964 1442 2011 1513 pn·

476 1522 622 1614 fidiora.
669 1524 853 1627 portabunt.
905 1520 1001 1614 Quis
1034 1517 1095 1592 iste
1122 1521 1202 1592 codis
1231 1525 1313 1601 Dei,
1342 1511 1613 1591 controversum
1641 1516 1736 1590 inter
1770 1514 2011 1594 eruditosrll

675 1620 853 1704 Nonnulli
876 1616 1077 1712 conjeiiant
1099 1613 1196 1692 fuisse
1217 1615 1312 1716 apud
1336 1623 1441 1690 Kiriot
1455 1613 1597 1705 Jeorim,
1624 1612 1683 1688 alii
1707 1613 1860 1691 Gibeam
1883 1616 2011 1693 malou:
2040 1676 2044 1685 .

673 1737 782 1824 atque
809 1721 857 1794 ita
890 1715 1046 1801 dissum,
1072 1715 1130 1791 vel
1167 1716 1269 1816 quod
1304 1715 1396 1793 Arca
1425 1713 1476 1787 ibi
1502 1724 1591 1787 tunc
1621 1713 1810 1887 temgoris
1849 1712 2013 1805 eiicere

699 1820 776 1898 uod
798 1819 848 1893 ibi
872 1815 1051 1893 excelsum
1076 1812 1168 1890 soret
1191 1812 1236 1892 ad
1263 1812 1448 1906 sacrificia,
1475 1810 1530 1885 vel
1553 1810 1654 1911 quod
1681 1812 1694 1887 i
1721 1813 1736 1887 i
1760 1812 2014 1917 Synagogad·

672 1848 745 2005 iet,
772 1918 810 1993 dc
835 1928 954 1993 coetus
988 1917 1163 2011 juvenum
1193 1914 1441 1990 exercentium
1473 1908 1506 1986 se
1540 1910 1577 1984 in
1612 1912 1654 1985 iis
1683 1922 1769 2011 quae
1797 1913 1857 1991 ad
1889 1914 2014 1991 nunonis

673 2018 816 2098 cultum
841 2017 1030 2115 pertinent.
1084 2011 1218 2090 Sed&
1240 2017 1420 2108 stationarii
1448 2011 1562 2085 militer
1586 2011 1822 2107 Philastaeorum
1853 2014 1908 2091 ibi
1927 2026 2007 2089 crant

674 2115 864 2198 Probabile
889 2114 938 2189 est
964 2115 1001 2187 in
1028 2111 1299 2189 conditionibus
1334 2112 1455 2210 pacis,
1483 2132 1599 2210 nuper
1631 2109 1845 2191 Philistaeos
1886 2110 2016 2191 inter&

675 2217 850 2299 Hebraeos
868 2211 996 2316 pastae,
1023 2212 1288 2313 huncquoque
1318 2207 1439 2295 fuisse,
1465 2222 1507 2284 ut
1535 2212 1573 2284 in
1603 2210 2015 2292 redditis·Hebraeorun

676 2316 847 2401 urbibus,
872 2312 1090 2392 nominatim
1112 2312 1149 2386 in
1172 2308 1311 2397 Gibea,
1340 2307 1541 2410 praesidium
1562 2306 1726 2385 Philistaei
1751 2310 1953 2390 haberent
1991 2308 2016 2389 lo

676 2415 805 2493 mediis
828 2416 947 2511 itaque
968 2409 1146 2490 Philistaeis
1170 2410 1228 2485 sua
1262 2411 1338 2486 haec
1368 2411 1534 2487 exercitia
1570 2406 1715 2485 Hebraei
1741 2410 1802 2488 sre
1836 2412 2015 2491 uennbut

681 2512 798 2611 Quod
817 2514 959 2613 utrique
1004 2512 1079 2585 enti
1100 2513 1137 2584 in
1159 2509 1306 2587 laudem
1328 2506 1433 2585 cellit
1485 2508 1580 2586 Nam
1603 2531 1725 2609 neque
1748 2508 1817 2589 He
1850 2534 1945 2589 raeos
1963 2510 2015 2589 suo

678 2637 760 2691 rum
788 2610 947 2712 pudebat
968 2532 1173 2699 {crorum
1198 2620 1239 2684 ut
1268 2605 1439 2687 remissius
1473 2632 1513 2685 ea
1545 2606 1735 2685 traderent
1761 2612 1871 2687 inter
1904 2610 2014 2689 hollo:

680 2736 751 2791 nec
770 2708 930 2791 Philistaei
951 2708 1003 2786 illi
1021 2706 1213 2785 stationarii
1235 2710 1430 2811 quicquam
1448 2708 1484 2784 in
1509 2730 1572 2785 eos
1591 2707 1720 2784 hostile
1739 2706 1905 2811 patrasse
1922 2713 2016 2814 segur

682 2825 749 2891 tur.
801 2810 992 2912 AEquiores
1013 2808 1136 2884 bacin
1156 2824 1256 2911 parre
1273 2809 1363 2895 illis,
1389 2809 1452 2910 qui
1474 2807 1758 2888 Christianorum
1782 2813 2016 2890 nominem

683 2913 864 2998 contenti,
894 2907 1156 3002 cbrssiomfflmos
1178 2907 1212 2984 se
1234 2908 1304 2985 dici
1328 2907 1518 3007 postulant

500 3031 672 3094 HLAItera
735 3011 812 3094 lli,
837 3012 954 3090 Altera
984 3008 1103 3086 schola
1129 3024 1203 3083 erat
1228 3011 1377 3099 Najothis
1398 3016 1432 3081 in
1453 3018 1567 3099 Roma,
1603 3007 1927 3107 ISdm.Xlx.19.
1953 3021 2018 3100 ΚΑΙ

502 3112 672 3189 Notoroastn
686 3125 806 3186 autem
842 3109 983 3186 vide'tur
1008 3103 1105 3183 luisse
1130 3110 1240 3206 patria
1262 3106 1459 3194 Samuelis,
1486 3109 1568 3184 alias
1596 3108 1686 3184 diua
1713 3112 1934 3199 Ramathaim
1964 3121 2020 3190 Tot·

504 3192 609 3254 aomo.
684 3211 779 3304 pbim.
810 3208 939 3286 rSam.
959 3234 990 3284 1.
1009 3233 1039 3284 ι.
1092 3207 1184 3283 Sunt
1208 3208 1273 3307 qui
1291 3217 1418 3307 putant
1444 3211 1737 3286 terminationem
1764 3207 1894 3287 dualis
1921 3231 2020 3288 nunu¹

687 3310 716 3384 ri
740 3304 827 3392 elie,
854 3310 937 3406 quia
956 3305 1068 3382 Rama
1096 3305 1261 3404 bipartita
1286 3318 1381 3392 erat,
1408 3319 1449 3382 ut
1477 3307 1514 3383 δι
1542 3305 1759 3412 Jerusalem,
1789 3311 1829 3384 in
1858 3314 2022 3388 civitaten

687 3407 907 3505 superiorem
931 3403 968 3479 &
993 3405 1200 3480 inferiorem
1224 3427 1232 3479 :
1260 3403 1489 3508 additamque
1517 3429 1648 3483 vocem
1679 3431 1788 3491 oron,
1815 3431 1911 3510 quae
1945 3407 2023 3486 verb

688 3517 748 3582 tur
775 3509 984 3600 respicientes,
1008 3504 1067 3579 vel
1085 3504 1169 3606 quii
1186 3506 1320 3605 oppida
1333 3503 1366 3580 se
1388 3520 1516 3582 mutuo
1530 3505 1787 3605 respiciebant,
1814 3510 1884 3585 vel
1907 3508 2024 3614 quiab

686 3603 831 3681 ‘excelso
844 3605 929 3680 loco
943 3603 1138 3697 esset(nam
1156 3604 1295 3684 &eaor
1310 3604 1486 3681 excelsum
1500 3612 1622 3696 notat)
1635 3618 1695 3682 aut
1709 3605 1813 3705 quod
1841 3609 1943 3688 inibi
1963 3607 2024 3688 adi·

687 3703 792 3782 ficata
827 3699 909 3779 esset
939 3706 1067 3790 turris,
1093 3704 1190 3780 unde
1221 3701 1425 3804 prospectus
1456 3711 1494 3778 in
1523 3701 1633 3780 dissita
1665 3703 1821 3803 patebat
1886 3711 1961 3790 Alii
1983 3707 2024 3784 ab

690 3813 828 3906 quanto
852 3801 1010 3880 subtilius
1034 3804 1243 3886 observant,
1269 3825 1355 3884 onte
1374 3802 1546 3880 denotare
1560 3804 1765 3899 speculatores
1778 3851 1791 3891 ,
1819 3829 1956 3912 eoque
1978 3827 2024 3886 no

690 3906 792 3981 mine
813 3901 971 4003 insigniri
988 3905 1157 3998 propbetas.
1206 3901 1259 3979 lta
1282 3903 1378 3977 enim
1404 3899 1582 3979 Ezechieli
1599 3903 1688 3979 dicit
1708 3901 1813 3981 Deus
1842 3907 1943 4010 Cap.
1965 3931 2025 3988 ιιι.

695 4027 750 4101 17.
773 4000 1083 4092 irrorantiam
1100 4023 1285 4084 nonore
1303 4025 1356 4095 p,
1384 4011 1442 4078 rio
1458 4004 1477 4076 a
1495 4004 1821 4099 mrarsspecuuorm
1848 4011 1930 4086 deor
1944 4009 2026 4088 olo

690 4111 759 4178 moi
785 4100 914 4196 israelis.
966 4095 1075 4174 Unde
1093 4095 1252 4175 inferunt
1273 4103 1401 4179 urbem
1433 4102 1530 4181 hanc
1567 4127 1586 4179 a
1613 4105 1868 4198 speculatoribus
1909 4127 2027 4188 nomer

691 4197 883 4302 accepisse,
910 4199 994 4300 quia
1019 4199 1071 4274 ibi
1101 4201 1421 4278 commorabantur
1440 4206 1606 4299 propheto,
1630 4200 1701 4278 five
1727 4205 1796 4280 riri
1830 4225 2029 4288 arcanarum

691 4298 874 4377 literarum
895 4295 1047 4378 studiosi.
1100 4302 1148 4378 At
1173 4322 1219 4374 ue
1233 4302 1318 4378 hinc
1331 4302 1478 4380 Graecos
1492 4306 1572 4380 suos
1585 4303 1702 4394 oodric,
1720 4324 1762 4380 ac
1777 4308 1914 4406 primo
1927 4309 2030 4391 Atro

692 4397 824 4498 logos,
849 4395 993 4488 dixisse,
1010 4402 1073 4504 qui
1089 4397 1110 4476 ὲ
1129 4398 1166 4478 su
1192 4399 1337 4476 limibus
1355 4399 1520 4503 celsrsq'ue
1542 4403 1634 4480 locis
1653 4401 1739 4480 coeli
1760 4411 1978 4488 exercitum
1999 4423 2028 4482 at

695 4509 797 4576 onus
813 4497 972 4580 siderum
994 4499 1249 4588 intuebantur,
1270 4519 1340 4602 pro
1357 4497 1510 4578 indubio
1530 4501 1639 4582 babet
1653 4501 1801 4602 Heinsius
1821 4517 1943 4590 ἱππ.
1960 4515 2028 4589 Sa

1978 4601 2027 4686 ld
