4909 5425
647 539 707 596 224
1056 494 1237 572 Ll¹·l·
1289 495 1426 568 ΘΗ.
1457 494 1550 567 XX·

649 625 765 705 menti
787 622 854 707 fit,
878 616 997 697 valere
1021 616 1066 691 ei
1079 613 1318 712 [respondendnm
1327 618 1516 709 sententiam
1542 614 1655 711 ipfioer,
1680 640 1743 689 non
1762 614 1810 690 od
1836 618 1990 713 infirmen-

649 730 736 805 loon.
788 718 923 800 Eadem
954 714 1027 792 sere
1054 725 1176 790 mente
1205 716 1348 807 Coccejos
1375 710 1523 813 Haggaei
1564 713 1670 789 verba
1702 712 1751 791 fic
1777 714 1987 810 neoeoglno:

656 828 739 902 olion
767 848 868 923 querno
898 816 1094 915 fundaretur
1125 814 1285 905 rmpno
1300 865 1310 899 ,
1325 812 1449 911 flebant
1482 814 1579 887 molti
1608 816 1768 908 seniores,
1790 820 1990 908 conspicientes

653 914 718 1020 ejoc
739 928 948 1020 exiguitatem
1000 915 1174 989 fluxerunt
1196 918 1325 985 interim
1345 929 1394 985 tot
1414 919 1501 990 enni.
1553 918 1593 991 Si
1617 920 1714 1011 igitur
1734 918 1807 1012 jone
1830 912 1989 1013 estoliqoo'o

532 1062 554 1090 τ
655 1035 740 1101 inter
766 1046 821 1093 vos
850 1022 907 1111 ejece
939 1016 1064 1097 moto,
1088 1029 1128 1084 ue
1152 1009 1240 1103 poffit
1275 1010 1379 1085 alluo
1401 1012 1566 1110 meminisse
1592 1016 1703 1107 priori
1731 1013 1878 1111 edificii,
1905 1036 1990 1085 nonne

581 1164 585 1171 ·
655 1124 741 1198 vobis
772 1122 930 1211 Templum
950 1114 1004 1185 loc
1028 1132 1082 1205 pro
1104 1108 1199 1183 nihilo
1221 1110 1395 1185 violetur?
1434 1110 1571 1202 Cerrefi
1594 1118 1741 1187 viverene
1766 1120 1827 1211 qui
1850 1112 1989 1185 viderent

655 1222 758 1305 illud,
783 1218 838 1290 hoc
859 1211 1029 1308 pronihilo
1052 1208 1213 1286 damnent.
1264 1206 1374 1285 Addit
1397 1218 1548 1283 tamen:
1576 1210 1721 1285 credibile
1741 1216 1804 1301 est,
1832 1210 1987 1285 multocin

654 1322 764 1419 popolo
800 1316 922 1411 potoofle
955 1332 1097 1385 memores
1126 1311 1181 1407 effe
1213 1308 1331 1401 Templi
1350 1309 1482 1401 priori,
1502 1308 1563 1402 sub
1597 1310 1785 1405 Hfflospide.
1840 1309 1889 1387 At
1913 1308 1985 1385 tann'

657 1439 735 1494 non
759 1421 862 1513 putat
891 1431 972 1485 eam
1005 1407 1211 1495 rationem,
1234 1418 1275 1481 ut
1296 1428 1364 1507 pro
1391 1419 1486 1481 terea
1522 1404 1695 1483 desereret
1722 1407 1932 1485 sententiam
1950 1405 1984 1479 de

657 1510 804 1611 Templi
827 1506 973 1585 semodi
999 1502 1235 1583 aedificatione
1254 1502 1317 1579 sub
1382 1506 1457 1581 acio
1488 1502 1617 1583 Notho
1632 1504 1713 1585 :ad
1744 1528 1857 1609 quam
1886 1504 1983 1603 majo·

658 1614 757 1691 ribus
775 1606 808 1685 se
831 1607 1030 1683 rationibus
1047 1600 1220 1702 compelli
1245 1602 1429 1683 existimat

467 1720 597 1794 XXVII.
708 1704 898 1789 XXVII.
925 1704 997 1783 Sed
1018 1702 1168 1780 &hisce
1190 1698 1306 1777 rursus
1327 1703 1440 1779 multa
1461 1704 1506 1779 ab
1535 1703 1612 1782 aliie
1640 1716 1893 1806 reponuntur,
1918 1702 1980 1805 qui·

469 1802 598 1889 ΜΝ
658 1809 728 1887 bus
751 1808 826 1884 vim
857 1826 981 1881 earum
1005 1797 1352 1880 animadversionum
1375 1802 1459 1877 elidi
1518 1800 1590 1880 olle
1622 1818 1762 1906 putant.
1813 1808 1867 1886 Ac
1896 1804 1979 1880 Nelo

469 1888 523 1946 Μ
536 1874 634 1973 “ism
661 1915 758 1986 erinon
781 1902 930 2009 quidem
965 1901 1068 2005 quod
1091 1902 1242 1987 attinet,
1268 1902 1332 2000 qui
1365 1900 1458 1977 illius
1489 1828 1755 2002 longaevitatem
1785 1917 1929 2005 urgent,
1949 1904 1978 1977 ii·

470 1969 644 2117 md
663 2008 748 2085 dem
777 2004 992 2107 permittunt
1022 2000 1189 2113 credere,
1215 2006 1446 2089 Artaxerxem,
1470 2000 1534 2077 sub
1570 2024 1645 2103 quo
1678 2003 1911 2083 Gubernator
1931 1998 1976 2103 Jo·

470 2124 532 2177 oon.
662 2108 747 2187 daeae
767 2104 935 2183 Neieeioe
954 2100 1004 2179 est
1026 2100 1263 2185 constitutus,
1289 2122 1367 2176 non
1390 2109 1612 2199 longimanum
1631 2099 1751 2191 fuisse,
1776 2104 1837 2180 led
1853 2112 1976 2179 Moeno·

663 2235 759 2295 nem,
785 2210 880 2282 Darii
896 2202 1000 2281 Notio·
1018 2198 1146 2277 lilium.
1195 2195 1417 2297 Avigesrmo
1439 2210 1561 2277 autem
1589 2210 1773 2299 rongimnni
1800 2202 1847 2278 ad
1878 2196 1976 2301 vigel·

662 2330 769 2385 mum
797 2304 974 2380 Mnemonio
996 2298 1077 2377 sunt
1095 2297 1179 2374 anni
1209 2296 1255 2372 nd
1277 2299 1470 2375 minimum
1495 2298 1694 2399 sexaginta,
1720 2316 1817 2403 quot
1848 2300 1894 2379 de
1915 2298 1975 2379 alle·

659 2418 744 2579 fieta
777 2401 1003 2575 lodgzvitate
1034 2396 1221 2473 Nehemiae
1254 2392 1437 2473 detrahere
1464 2398 1584 2498 itaque
1608 2397 1700 2476 licet.
1753 2401 1929 2480 Ceterum
1947 2416 1976 2475 tt

816 2426 839 2477 n

658 2491 1833 2701 inlinient?tranninintinniit,
1846 2510 1885 2616 ¹³
1895 2526 1976 2677 all

658 2696 776 2778 versus
802 2696 885 2788 scol
900 2721 990 2770 eroon
1007 2688 1141 2769 mlere:
1168 2702 1204 2770 at
1226 2713 1348 2768 revera
1372 2688 1469 2770 diffie
1510 2705 1621 2774 tatem
1645 2721 1722 2776 non
1747 2699 1855 2780 tollit
1902 2696 1975 2778 Nm

658 2803 850 2876 Aream
872 2723 932 2870 ille
983 2791 1022 2868 ui
1043 2799 1161 2870 imon
1182 2789 1219 2867 do
1243 2790 1431 2869 Noleniano
1452 2790 1543 2871 miset
1562 2793 1876 2902 Hierosolymam,
1900 2799 1977 2876 seror¹

658 2911 716 2976 tus
737 2893 787 2974 est
802 2901 940 2970 Dorion
958 2815 1069 2968 litum
1085 2889 1150 2992 qui
1167 2886 1323 3006 edrdum
1344 2889 1390 2968 de
1408 2889 1570 3008 Templo
1590 2895 1805 2976 aedilicando
1825 2895 1976 2978 condidit

660 2993 740 3078 ner.
762 3017 895 3092 v1.14.
945 2989 987 3070 ln
1009 3013 1080 3093 qua
1108 3011 1147 3068 re
1177 3000 1361 3090 utnmqne
1390 3008 1624 3071 conveniunt
1675 2997 1757 3096 Qui
1781 3001 1902 3104 itaque
1922 2995 1980 3074 edi·

660 3095 757 3175 mem
776 3091 868 3170 iliud
886 3098 987 3168 Dorio
1011 3091 1187 3190 Hystaspili
1210 3085 1432 3175 adscribunt,
1458 3114 1523 3168 eos
1552 3091 1691 3172 necelse
1720 3095 1772 3174 est
1851 3124 1869 3178 c
1896 3105 1980 3178 nro·

657 3219 786 3274 eoemn
810 3189 1007 3290 intelligere
1029 3197 1265 3288 Longinam.
1317 3185 1363 3267 lit
1384 3187 1432 3266 fic
1452 3190 1704 3272 inconcussum
1732 3196 1778 3274 ha
1813 3221 1903 3278 enus
1920 3218 1981 3277 mn·

659 3303 724 3372 net
755 3301 1008 3392 argumentum
1039 3309 1087 3363 ex
1117 3289 1278 3367 Neienie
1309 3285 1538 3392 longevitate
1569 3295 1735 3393 petitum.
1799 3300 1882 3378 Alio
1912 3313 1982 3402 ergo

661 3389 854 3496 quaerenda
878 3383 1056 3490 responsio
1082 3385 1139 3464 est
1191 3385 1377 3466 Nimirum
1403 3391 1569 3486 Joieloene
1593 3398 1739 3492 juvenem
1760 3395 1913 3498 spellare
1932 3417 1986 3500 po·

660 3491 732 3584 tuit
744 3489 913 3568 Neienoine
924 3491 1026 3582 senen
1078 3484 1259 3563 Ponamus
1280 3489 1448 3583 Jololoam
1466 3489 1678 3568 Pontificem
1701 3493 1832 3574 sallum
1854 3495 1921 3576 else
1937 3517 1987 3574 nn·

505 3647 511 3670 ,.
662 3611 714 3670 oo
732 3589 843 3666 aetatis
864 3585 1065 3664 tricesimo:
1092 3587 1270 3661 Alexandri
1289 3599 1454 3687 tempore
1474 3587 1629 3666 habuilse
1649 3616 1767 3672 annos
1784 3601 1987 3700 nonaginta.

622 3773 624 3778 ,
663 3686 766 3790 quod
789 3691 827 3765 in
847 3683 1080 3767 Pontificibus
1113 3685 1263 3761 nonest
1288 3707 1437 3761 rarum:
1465 3707 1511 3762 ex
1534 3689 1596 3767 ista
1616 3691 1806 3792 hypothesi
1832 3697 1910 3775 lieri
1933 3719 1990 3798 po·

616 3783 621 3798 ‘
661 3787 750 3876 test,
789 3799 831 3864 ut
860 3787 1030 3865 Nebeonine
1063 3786 1164 3861 annis
1190 3783 1368 3884 sexaginta
1405 3797 1486 3862 ante
1518 3794 1696 3867 Alexandri
1727 3793 1990 3880 Monarchiani,

507 3985 512 3998 ·
661 3895 830 4064 nit
847 3881 1277 4061 intirim
1290 3895 1570 4064 illiniti
1598 3893 1731 3987 nm
1764 3897 1905 3976 Μ·
1954 3892 1992 3976 ⁵³

551 4137 557 4146 -
711 4069 805 4164 XX
854 4079 925 4162 ΙΙΙ.
949 4081 1072 4182 Major
1091 4079 1140 4158 est
1159 4082 1253 4158 eirca
1274 4091 1394 4166 &om
1414 4082 1609 4166 difficultas.
1661 4089 1732 4168 Sed
1763 4092 1801 4168 de
1832 4094 1890 4173 illa
1922 4117 1993 4174 non

666 4179 941 4264 contemnendis
966 4178 1273 4260 observationibus
1294 4185 1493 4270 minuitur,
1519 4183 1588 4263 five
1614 4191 1695 4266 vitae
1716 4190 1824 4295 ipsius
1852 4205 1995 4288 iniciunt,

667 4280 842 4387 minen
863 4277 1069 4384 spoliemus.
1121 4288 1255 4357 initient
1279 4281 1447 4362 delirulla
1476 4282 1725 4390 Hierosolyma
1776 4297 1850 4371 rius
1877 4293 1992 4386 fuisse.

673 4379 811 4484 probini
831 4399 880 4458 ex
904 4401 951 4458 eo
973 4400 1051 4457 non
1073 4379 1191 4482 potest
1211 4380 1314 4483 quod
1335 4387 1449 4478 seroie
1472 4380 1612 4464 dicatur
1637 4386 1704 4466 elle
1724 4315 1843 4469 fillus:
1871 4397 1909 4472 &
1939 4405 1996 4475 Se·

566 4572 574 4581 ‚
681 4483 764 4598 ll!
777 4501 800 4566 n
813 4479 1093 4566 nicoenam
1113 4491 1197 4564 ante
1223 4483 1468 4586 captivitatem
1493 4485 1689 4570 trucidatus
1711 4487 1763 4570 fir„
1815 4493 1914 4575 Nam
1937 4519 1995 4573 ne·

733 4619 736 4625 ·
1928 4615 1994 4702 que
