4909 5425
714 534 776 602 rm
1078 507 1200 581 Lru.
1231 504 1259 580 Ι.
1326 502 1461 576 Crr.
1492 499 1670 578 XXIII.

719 656 755 712 ta
777 655 847 709 earo
872 625 956 722 ettefir
977 620 1036 719 est,
1061 648 1161 722 quum
1191 622 1348 721 egreditur
1375 646 1413 693 eae
1438 639 1523 696 utero
1546 628 1656 696 matris
1680 618 1767 715 βα.
1822 614 1944 705 Mol'es
1964 620 2031 703 m}

721 734 886 834 quaerat
912 723 1022 801 animi
1044 720 1242 797 lenitudine
1264 742 1305 797 ac
1326 719 1481 818 pietate,
1508 720 1672 795 ardenter
1699 740 1778 819 pro
1813 717 1939 795 sorore
1957 714 2033 795 [ltu

724 828 861 911 oravit,
887 824 924 899 de
946 822 1131 906 exoravit,
1155 819 1204 897 fic
1228 831 1270 895 ut
1300 839 1391 894 mox
1409 842 1428 892 a
1448 817 1544 916 lepra
1570 828 1692 897 curata
1721 816 1842 895 fiterit
1866 840 1876 893 :
1906 838 1947 891 ea
1965 826 2035 891 ω

725 929 804 1027 Iege
825 934 868 1000 ut
888 918 1051 1020 septiduo
1070 920 1186 995 eastris
1207 917 1479 1001 excluderetur,
1506 915 1837 1017 quemadmodum
1861 914 1940 993 lieri
1957 912 2037 989 solda

725 1028 769 1104 iis
791 1024 855 1124 qui
868 1019 985 1096 dubiae
1004 1017 1216 1094 valetudinis
1242 1025 1350 1092 erant.
1402 1012 1534 1093 Addita
1556 1014 1621 1091 hac
1636 1016 1974 1115 interpretatIone:
1985 1018 2039 1107 sp

727 1122 1007 1301 irtam
1024 1116 1456 1290 fif
1605 1114 2040 1289 zelanter

729 1240 1285 1494 utrumn,
1312 1233 1565 1485 terruit
1599 1234 1772 1485 tam
1796 1310 2042 1485 1¹¹th

729 1440 896 1595 liecpllofi
918 1466 1040 1589 asseria
1058 1508 1126 1585 fuit
1145 1506 1204 1585 sua
1222 1430 1331 1607 Γιιρεξ1
1348 1528 1477 1582 omnes
1494 1432 1691 1606 Prophetfs
1714 1432 1935 1585 eminzantia

539 1638 595 1707 ut
608 1636 699 1705 ueto·
781 1611 857 1694 IX
895 1607 978 1690 Post
1000 1617 1139 1684 Mittam
1162 1605 1305 1684 celebre
1334 1606 1372 1679 in
1396 1602 1518 1681 israele
1542 1626 1681 1681 nomen
1706 1604 1916 1703 consecuta
1940 1606 1988 1685 eil
2001 1616 2045 1689 u

542 1738 599 1780 ra.-
731 1735 854 1797 aoun:
880 1709 925 1785 de
951 1730 1023 1808 qua
1050 1708 1142 1785 sacta
1170 1703 1313 1781 historia
1334 1701 1410 1779 hac
1430 1703 1548 1779 habet
1577 1700 1663 1804 Jud.
1684 1728 1791 1805 ιη,
1812 1730 1846 1802 ς.
1882 1707 2047 1783 Mna*

733 1834 798 1891 tem
811 1813 939 1909 femina
957 1806 1147 1905 prophetiffa
1162 1804 1420 1899 Lappidotbanar
1442 1802 1505 1876 baec
1523 1803 1684 1903 judicabat
1703 1806 1857 1896 Israelem
1884 1824 1948 1879 tato
1970 1826 2050 1899 rapt·

732 1940 768 1990 re
789 1913 847 1985 ilio.
900 1912 1005 2005 Atque
1030 1907 1092 1981 hac
1114 1904 1242 2005 quidun
1271 1900 1432 1976 habitabat
1455 1900 1517 1996 sub
1536 1903 1640 1995 palma
1663 1904 1834 1979 Deborae:
1862 1912 2053 1993 interdu

732 2010 775 2101 ά
796 2007 946 2084 Betbeietn
965 2011 1000 2077 in
1023 2026 1126 2080 moute
1147 2001 1332 2097 Ephraitni:
1358 1999 1640 2100 adscmdebantqne
1658 2003 1702 2076 ad
1721 2029 1793 2077 cau
1805 2004 1882 2101 fllia·
1902 1998 2054 2099 Israesrd

725 2110 900 2209 judicium.
948 2101 1098 2180 Nomen
1124 2100 1286 2180 Dauom
1309 2104 1409 2194 Apem
1437 2096 1616 2198 fignificat
1665 2099 1754 2178 Non
1782 2102 1826 2177 in
1858 2096 2055 2181 Hebmb·

735 2208 813 2287 lum
832 2214 965 2305 gente,
991 2199 1048 2277 sed
1069 2198 1210 2277 &alibi
1231 2194 1379 2274 illustres
1400 2194 1561 2275 foemina
1588 2196 1633 2273 ab
1662 2198 1805 2371 Affbus
1844 2200 2057 2281 denomim

735 2307 824 2385 sunt.
875 2298 983 2402 Apud
1002 2298 1151 2378 Grecos
1174 2296 1269 2394 Jove
1290 2297 1411 2372 nutrix
1431 2298 1556 2395 Meirffir
1576 2296 1699 2396 Nymp
1726 2320 1767 2372 a:
1799 2298 1843 2374 ἃ
1867 2304 1997 2401 Melissa
2013 2303 2057 2393 ἠὺ

737 2408 848 2483 damni
867 2400 965 2489 tilia,
989 2397 1035 2476 de
1057 2422 1127 2499 qua
1145 2396 1316 2491 Stephanus
1335 2403 1369 2469 in
1388 2396 1560 2491 Δυρῥᾶιχω.
1584 2394 1621 2470 &
1635 2397 1757 2494 Meliffa
1775 2402 1961 2475 Periandri
1980 2422 2059 2487 mr

736 2503 848 2600 Regis
870 2498 1166 2579 Corinthorum:
1190 2495 1228 2569 ἃ
1252 2494 1376 2591 Meliss
1399 2497 1599 2586 recentior,
1623 2495 1725 2571 cu'us
1751 2496 1958 2595 epistolam
1983 2496 2061 2575 esst

735 2602 844 2689 Aldus
867 2605 906 2675 In
927 2594 1114 2674 uolumine
1139 2595 1347 2676 Graecarum
1368 2590 1607 2693 epistolamm.
1727 2590 1815 2671 sane
1848 2595 2004 2677 Debon
2018 2616 2061 2673 ru·

737 2702 831 2789 stra,
856 2694 966 2776 veluti
993 2698 1091 2800 apis,
1117 2691 1286 2776 industria
1322 2705 1419 2779 erat,
1445 2688 1512 2770 suis
1541 2690 1693 2778 mellea,
1718 2692 1896 2776 hostibus
1929 2696 2064 2778 aculem

737 2801 821 2888 Erat
840 2812 961 2879 autem
984 2793 1092 2882 ntt’o‘r
1114 2818 1219 2889 nuit,
1245 2793 1346 2972 2uod
1365 2817 1441 2870 non
1465 2794 1557 2872 bene
1580 2791 1747 2870 videntur
1778 2795 2002 2876 transtulisse
2027 2805 2066 2896 J»

739 2914 813 2982 ntus
835 2901 873 2978 dr
894 2898 1087 2984 Tremelius,
1099 2898 1248 2994 Iapps’dor
1268 2924 1350 2974 aaa:
1375 2917 1451 2974 non
1472 2897 1569 2972 enim
1588 2893 1701 3000 liquet
1720 2891 1842 2976 ullam
1863 2900 1998 2979 urbem
2015 2893 2068 2976 sui

740 3005 781 3086 fe
802 3007 841 3080 in
861 2997 1048 3082 Ibaelitide
1069 3019 1114 3072 eo
1135 2998 1285 3074 nomine
1302 3007 1438 3073 notam.
1489 2996 1690 3098 Receptao
1716 2999 1799 3075 inio
1826 2999 1908 3088 est,
1935 2995 2070 3098 opud

741 3102 810 3181 esse
828 3123 966 3177 nomen
986 3099 1070 3183 viri,
1096 3095 1198 3193 cujus
1225 3118 1321 3173 uxor
1344 3095 1448 3173 fuerit
1480 3095 1642 3175 Debora.
1731 3119 1811 3176 une
1845 3099 1995 3180 Hebraei
2013 3097 2093 3200 qul!

740 3203 827 3279 dam
847 3209 975 3299 putant
996 3192 1092 3272 fuisse
1113 3203 1224 3272 Barac.
1274 3195 1371 3274 Nam
1392 3217 1501 3274 voees
1522 3195 1683 3276 Iseum
1703 3220 1768 3292 pra
1791 3196 1838 3274 &
1860 3201 1973 3284 nnus
2051 3197 2059 3210 '

741 3299 910 3378 ficatione
929 3294 1168 3372 conveniunt:
1196 3293 1255 3372 illa
1268 3297 1422 3395 fulgorem
1442 3308 1562 3384 notat,
1574 3295 1651 3374 lraec
1669 3293 1759 3394 sape
1780 3293 1839 3373 de
1851 3299 1984 3398 fulgur
2063 3335 2077 3358 ·

741 3410 857 3502 patur.
909 3398 957 3472 At
978 3415 1025 3470 ex
1041 3402 1118 3467 tota
1138 3397 1341 3472 narratione
1359 3395 1450 3472 sacra
1471 3395 1548 3473 satis
1566 3406 1734 3494 apparet,
1759 3391 1954 3476 Baracum
1974 3393 2077 3478 Debu-

742 3519 791 3576 rae
814 3494 984 3572 maritum
1007 3513 1083 3567 non
1107 3486 1216 3567 suisse.
1266 3491 1432 3571 Tandem
1454 3493 1553 3570 fateri
1578 3491 1714 3569 discant
1737 3491 2003 3576 llebraeorum
2019 3493 2077 3576 lll-

740 3595 860 3697 gistri,
886 3589 1022 3693 ailquid
1043 3584 1110 3666 elle
1132 3589 1170 3665 in
1190 3589 1313 3693 priscis
1332 3591 1482 3670 historiis
1504 3591 1606 3692 quod
1627 3594 1810 3691 ignorent
1873 3595 1950 3676 Alii
1967 3595 2076 3676 ιώ

743 3690 853 3777 ntrro‘r
873 3687 939 3767 else
964 3711 1094 3767 vocem
1117 3712 1161 3789 ap
1210 3691 1388 3779 llatiaam,
1415 3703 1457 3766 ut
1477 3689 1615 3767 dicatur
1638 3695 1752 3806 mulier
1767 3693 2009 3786 spientim,
2029 3691 2078 3776 lb·

744 3789 837 3865 vinis
866 3788 1111 3890 splendoribus
1145 3791 1153 3804 ‘
1183 3791 1350 3866 uminata
1401 3785 1482 3866 Nec
1512 3789 1663 3882 desunt,
1687 3810 1755 3890 qut
1777 3795 1961 3872 muliera

744 3895 829 3964 riam
849 3891 1149 3988 interpretentur,
1172 3886 1274 3989 quod
1294 3885 1445 3987 lychnos
1469 3890 1664 3967 conticeret
1691 3885 1736 3964 ad
1762 3887 1879 3970 usum
2057 3891 2072 3910 “

745 3983 876 4073 Lusus,
903 3987 941 4062 dt
960 4009 1074 4084 nugae.
1127 3985 1343 4064 Credibilius
1366 3986 1416 4063 cll
1432 3983 1530 4066 Fuisse
1553 4011 1706 4066 uxorem
1727 3993 1916 4084 lapidoth·
1937 3995 2082 4092 alienis.

744 4086 905 4163 hominis
929 4097 1052 4162 eaetera
1075 4085 1207 4182 ignoti,

559 4237 728 4400 nm
746 4182 2087 4386 ,qu,resumuntur-‘uruntamentem

747 4380 861 4460 Israeli
885 4381 1111 4482 approbarat,
1162 4379 1271 4460 Nulla
1285 4385 1434 4485 quidem
1454 4381 1547 4459 illius
1563 4384 1698 4461 exstant
1715 4389 1899 4472 ratleinia
1921 4409 2044 4496 prm
2059 4409 2089 4466 tt

745 4501 828 4590 qua
849 4477 1145 4594 noodrsequenti
1165 4485 1282 4584 capite
1293 4492 1490 4560 narrantur.
1505 4481 1577 4562 Sed
1601 4484 1673 4582 jam
1695 4497 1777 4562 tum
1793 4509 1876 4590 pro
1891 4489 2093 4668 prophetis?it
