4909 5425
700 477 765 552 Au
793 464 1110 570 vnstcmnu'm
1134 489 1361 545 osculans
1389 490 1652 548 urrunnun
1673 492 1755 551 sta.
1852 498 1928 566 eps

520 600 569 709 'f
593 596 698 673 nibus.
728 597 805 676 Vll
822 618 863 674 ,lt
882 617 990 674 contra
1003 602 1105 692 sciscit
1115 603 1294 691 stipientum
1313 604 1468 694 consensit.
1498 599 1590 680 Vlss.
1610 607 1885 698 adstipulantem.

520 728 541 785 ι
592 708 688 801 tione,
702 696 741 783 (φ
754 707 947 792 experientia.
974 696 1042 776 er
1056 696 1106 774 X
1120 696 1187 775 Xl.
1201 697 1283 776 Xll.
1298 701 1502 793 despondetur
1517 704 1705 779 adnationes
1715 708 1883 800 uniuersas,

520 808 542 1007 ε
642 893 749 972 lulla
780 894 999 973 Divinarum
1034 894 1297 972 revelationum
1330 896 1504 973 ducamur
1535 875 1752 987 rever'ersir,
1778 901 1882 978 dubi.
1897 901 2065 974 Ianam.

531 1032 540 1087 t
665 995 815 1070 tandum
848 1017 925 1070 non
958 993 1030 1078 est,
1059 996 1146 1093 quin
1177 1017 1240 1080 eos
1267 998 1313 1071 'iis
1343 1019 1411 1096 pro
1443 996 1514 1073 suo.
1538 999 1684 1076 arbitrio
1717 1001 1752 1076 di
1780 995 2052 1080 „erupuerunt-

520 1110 537 1189 1'
664 1093 790 1179 Deus,
818 1117 912 1194 quos
932 1092 1032 1169 vult:
1059 1114 1178 1192 neque
1198 1093 1310 1191 ullam
1332 1092 1483 1170 caussam
1513 1094 1685 1173 idoneam
1712 1024 1881 1197 adsignari
1895 1065 2039 1200 ms*

520 1234 534 1287 ,
623 1270 627 1278 ,
661 1189 780 1292 polle,
806 1215 871 1270 cur
900 1191 961 1269 hic
986 1193 1109 1290 ‚magis
1143 1191 1385 1291 prophetalis
1406 1217 1516 1293 quam
1542 1195 1628 1271 alius
1652 1199 1767 1296 quivis
1782 1247 1803 1289 „
1819 1197 1881 1275 nisi
1896 1164 2033 1298 quur?
2053 1260 2056 1267 .

520 1292 624 1395 pquia
644 1296 692 1369 ita
714 1291 801 1369 Deo
824 1290 937 1366 libuit
987 1289 1075 1366 Non
1108 1302 1230 1366 tamen
1259 1295 1337 1370 haec
1365 1315 1420 1367 res
1450 1295 1622 1393 impedit,
1649 1319 1724 1394 quo
1760 1297 1881 1391 nninus

530 1391 731 1491 quaesitum
752 1414 772 1465 a
794 1389 889 1466 Viris
910 1385 1145 1464 eruditissimis
1169 1387 1237 1480 s1t,
1274 1389 1299 1467 l.
1317 1410 1366 1466 nn
1391 1395 1589 1467 vaticinandi
1615 1400 1739 1488 potestas
1766 1405 1881 1470 animis

526 1486 705 1565 lominum
718 1490 912 1582 stimate,
928 1487 1032 1579 ficut
1053 1515 1115 1562 non
1135 1496 1240 1563 minus
1254 1491 1411 1585 facultate
1431 1493 1540 1591 aliqua
1561 1497 1700 1587 instrudlr'
1714 1496 1800 1586 fint,
1814 1522 1879 1596 qua

522 1592 779 1688 praecognoscunt
789 1591 933 1685 sutura,
958 1615 1056 1687 quarn
1075 1615 1138 1690 qua
1154 1593 1353 1665 recordentur
1369 1594 1624 1684 picentinum?
1650 1591 1690 1670 II.
1705 1591 1782 1670 ldst
1800 1617 1879 1670 non
1973 1609 1978 1618 '

528 1686 728 1775 obtineat,
753 1716 795 1760 nn
809 1689 924 1781 pistum
948 1688 1095 1780 inhujus
1113 1688 1243 1763 hominis
1263 1710 1519 1784 temperamento,
1544 1699 1685 1789 ingenie,
1710 1712 1806 1794 atque
1825 1702 1879 1766 in·

524 1787 632 1873 dote,
657 1794 757 1881 major
776 1788 921 1882 dispofitio
943 1788 987 1858 ad
998 1788 1188 1880 prophetiam
1202 1788 1268 1880 fit,
1289 1791 1510 1889 quintillius?
1538 1789 1595 1868 Ill.
1619 1790 1810 1892 Denique,
1835 1819 1878 1866 an

522 1889 585 1965 ad
601 1889 811 1984 propheticum
831 1889 988 1984 influxuru
1013 1888 1223 1980 recipiendum
1239 1887 1294 1985 ipsi
1309 1885 1457 1983 propheta
1475 1891 1509 1983 se
1528 1891 1680 1984 disponere
1706 1919 1742 1964 uc
1761 1914 1878 1985 prapa-

520 2002 610 2067 rirre
629 2014 692 2062 non
714 1993 896 2081 potuerint,
918 1985 1172 2086 debentneque?
1199 1985 1259 2063 De
1282 1989 1414 2086 quibus
1438 1988 1691 2088 questionibus
1714 2011 1791 2066 non
1813 1990 1876 2065 abs

520 2108 575 2167 re
599 2088 667 2173 erit
687 2086 871 2186 aliquanto
897 2083 959 2158 dili
986 2085 1102 2160 entius
1131 2083 1317 2184 disputare.

526 2244 530 2249 -
590 2184 644 2264 Il.
671 2183 721 2263 Ut
738 2209 758 2261 a
778 2184 937 2283 primao
982 2185 1097 2259 samur
1112 2207 1120 2257 :
1134 2189 1323 2259 Ammonius
1343 2183 1439 2288 apud
1463 2186 1668 2262 Plutarchum
1692 2188 1730 2262 in
1754 2184 1875 2264 Libel·
1891 2181 1928 2245 ῘῙ·
1945 2191 2020 2286 Earn

523 2283 646 2365 lode
667 2287 800 2359 naeniis
819 2283 943 2375 defitis:
969 2284 1186 2380 argumentis
1213 2283 1351 2383 aliquot
1370 2298 1528 2383 pugnat,
1554 2309 1584 2361 a·
1601 2298 1726 2362 natura
1748 2288 1874 2362 animae
1889 2267 2058 2334 '’mm“

525 2384 694 2465 alienum
719 2406 796 2460 non
812 2379 880 2457 else
908 2379 1092 2456 divinandi
1123 2403 1279 2465 munus,
1305 2381 1470 2483 hancque
1498 2382 1702 2460 facultatem
1730 2407 1800 2486 qua
1820 2348 2058 2501 fu-iffssffi,

525 2494 615 2565 tura
638 2480 843 2582 praesentiat
893 2477 943 2571 Ea
972 2490 1183 2577 argumenta
1205 2477 1312 2557 fufius
1343 2481 1531 2581 exposuit,
1557 2480 1769 2583 pressiusque
1792 2483 1876 2560 ursit
1886 2511 2027 2578 rueme.

523 2594 650 2665 Petrus
669 2591 810 2667 initu,
835 2577 1071 2679 Philosophus
1092 2577 1319 2682 &Medicus
1343 2578 1561 2669 Patisiensis,
1587 2592 1638 2658 De
1660 2583 1783 2682 sibyllis
1802 2585 1872 2660 Lib.

530 2693 801 2778 1,Cap.v111.
1526 2729 1529 2737 ·

527 2823 537 2838 ·
581 2782 645 2863 111
682 2780 804 2861 Primo
821 2776 971 2881 quidem
983 2776 1031 2855 sic
1049 2793 1324 2879 argumentatur.
1379 2778 1495 2875 Quod
1514 2783 1631 2858 anima
1648 2783 1765 2858 nostra
1781 2808 1873 2885 quo·
1888 2797 1939 2862 111.
1947 2803 2054 2886 Primo,

527 2882 687 2964 tundam
715 2880 917 2957 naturaliter
946 2878 1174 2965 recordatur,
1200 2879 1287 2955 hinc
1321 2890 1441 2979 patet,
1469 2875 1565 2979 posse
1601 2880 1694 2958 hanc
1718 2906 1758 2957 ea
1792 2906 1871 2982 quae
1887 2882 2028 2973 quieue-

528 2981 687 3082 amplius
714 3002 790 3056 non
825 2977 1001 3066 existunt,
1026 2976 1086 3053 sed
1111 2976 1281 3069 suerunt,
1306 2976 1547 3077 cognoscere:
1575 3002 1640 3054 cur
1665 2982 1774 3078 igitur
1793 3005 1870 3057 non
1885 2973 2057 3093 wir*

528 3083 644 3164 eoam
676 3104 716 3157 ea
743 3102 822 3179 quae
850 3075 1017 3153 nondum
1044 3074 1156 3163 sunt,
1183 3076 1254 3153 sed
1287 3075 1428 3153 erunt?
1474 3076 1519 3155 Et
1551 3078 1652 3178 quod
1685 3079 1873 3157 discrimen
1885 3057 2082 3180 rnsspifu‘,

521 3183 570 3262 'in
595 3183 638 3257 iis
668 3178 756 3278 fingi
786 3177 924 3279 potest,
951 3199 1030 3275 quae
1053 3179 1183 3275 pariter
1207 3199 1284 3251 non
1310 3176 1418 3258 sunt?
1446 3176 1562 3272 Quod
1588 3179 1686 3253 enim
1713 3182 1871 3276 praeteri.
1885 3196 2031 3257 naturalis

527 3294 676 3366 torum,
731 3299 785 3353 uae
806 3299 883 3352 non
906 3274 1170 3373 suntamplius,
1196 3274 1445 3362 recordemur,
1474 3299 1519 3351 ex
1533 3299 1579 3352 eo
1600 3277 1648 3355 est
1669 3277 1770 3378 quod
1791 3276 1869 3377 spe-
1885 3264 2016 3363 uimque

530 3382 605 3461 cies
630 3302 819 3481 quaedam,
844 3374 915 3452 sive
941 3373 1062 3473 figura
1086 3397 1228 3459 rerum,
1255 3375 1368 3450 menti
1393 3376 1597 3452 naturaliter
1621 3344 2039 3487 obversentur„f,‘}“‡¹,f„.‘{“'

530 3501 581 3558 ex
601 3497 753 3579 quarum
777 3475 1074 3564 combinatione,
1099 3473 1137 3548 dc
1159 3475 1448 3550 combinatarum
1467 3476 1704 3575 applicatione
1728 3476 1773 3552 ad
1794 3500 1897 3557 cer-e
1920 3504 2026 3563 evite-

528 3592 611 3678 tum
634 3591 778 3676 tempus
799 3599 841 3652 ac
866 3574 1018 3658 seriem,
1044 3574 1232 3649 memorie
1256 3596 1351 3674 ope,
1379 3573 1471 3650 redit
1495 3577 1658 3651 mensio
1688 3579 1869 3675 cognitio·
1884 3590 2052 3675 tornuerre

527 3701 618 3758 nem
638 3698 757 3753 rerum
779 3696 858 3775 quae
883 3672 972 3749 olim
991 3671 1095 3773 gestet
1116 3671 1204 3749 sunt.
1254 3671 1543 3760 Eaedemautem
1566 3672 1698 3774 species
1719 3675 1868 3774 perinde
1882 3670 2013 3793 Ὑφ’

524 3777 575 3859 ad
594 3777 710 3853 sutura
729 3770 977 3889 prospicienda
997 3772 1162 3855 inservire
1182 3768 1336 3873 possunt.
1387 3771 1463 3849 Vix
1483 3776 1582 3849 enim
1598 3773 1673 3850 sieri
1688 3774 1815 3873 potest,
1829 3734 1903 3850 utf
1928 3754 1984 3797 rere.

525 3877 669 3979 aliquia
693 3872 843 3989 poliens
877 3871 1001 3947 seculis
1040 3870 1178 3948 accidat
1207 3873 1255 3947 ita
1276 3870 1503 3958 inusrtatum,
1528 3885 1570 3948 ut
1601 3895 1678 3949 non
1713 3897 1777 3971 per
1808 3896 1867 3948 eas

547 3994 619 4053 uas
633 3997 784 4051 nuncin
807 3973 931 4048 anhno
953 3970 1128 4048 habemus
1145 3970 1276 4070 species
1299 3973 1454 4070 exprimi
1472 3970 1602 4072 possit,
1628 3973 1743 4047 modo
1763 3995 1867 4048 mens

522 4004 554 4156 s
568 4077 659 4152 ecies
681 4096 739 4150 eas
761 4092 987 4171 componere
1007 4071 1128 4156 norit,
1156 4082 1196 4144 ut
1219 4071 1327 4146 exiis
1350 4084 1431 4170 apta
1450 4073 1557 4148 unius
1576 4072 1622 4147 de
1643 4071 1756 4146 altero
1806 4093 1867 4144 rae·

557 4175 664 4249 icatio
685 4182 797 4272 atque·
813 4170 1042 4260 enunciatio,
1066 4174 1188 4244 sutmo
1214 4169 1296 4269 post
1316 4171 1460 4246 eventui
1484 4193 1709 4269 congruens,
1739 4192 1757 4244 e
1798 4171 1868 4246 cia·

525 4285 598 4352 tur.
652 4270 693 4348 ln
711 4292 787 4370 quo
805 4268 885 4345 sane
905 4268 955 4343 est
976 4265 1164 4345 difficultas
1185 4267 1222 4342 &
1242 4267 1345 4345 labor
1365 4268 1549 4346 divinandi
1567 4270 1707 4345 sutura:
1733 4282 1768 4344 at
1788 4292 1866 4346 non

523 4374 653 4455 minor
670 4365 738 4446 else
769 4367 909 4446 videtur
929 4368 967 4442 in
999 4365 1197 4445 recolendo
1222 4390 1302 4468 quae
1326 4370 1491 4445 transada
1517 4366 1604 4442 sune
1656 4366 1866 4470 Quippe&

523 4473 661 4552 horum
674 4467 757 4550 solae
774 4464 920 4547 seodim
938 4466 1070 4570 species
1089 4469 1129 4543 in
1147 4467 1271 4548 animo
1293 4491 1477 4546 remanere
1499 4466 1682 4555 videntur,
1709 4491 1867 4644 comipo·

1302 4563 1331 4642 F
1356 4590 1381 4651 2
1800 4569 1866 4643 1ti0
