4909 5425
833 468 890 543 Ds
917 468 1121 545 subruaris
1157 484 1198 539 iu
1226 472 1440 545 Evinceeio
1478 482 1668 541 muniris.
1863 496 1921 559 stt

579 580 887 685 preciduntur.
916 580 1115 661 Anxur.
1135 610 1165 661 r.
1217 583 1323 663 Tales
1357 590 1464 663 etiam
1495 583 1612 686 Junis
1643 587 1829 674 &Suum
1856 594 1921 691 qui

576 708 681 783 quim
702 686 851 780 propheta
881 684 1118 781 effent‚vr1ulto
1146 685 1286 777 sermone
1316 688 1475 761 adhortati
1498 688 1604 778 fient,
1630 687 1670 775 &¹
1695 696 1920 783 confirmarunt

570 786 706 875 fratres.
731 782 875 861 Athxv.
891 805 948 875 32.
999 776 1045 857 Et
1069 780 1148 855 sane
1172 782 1297 859 debuit
1325 790 1361 859 in
1390 784 1458 861 illis
1492 779 1582 869 elle,
1609 786 1646 861 ἃ
1676 790 1805 883 niag‘na
1838 810 1919 864 mu·

574 880 675 957 neris
702 882 879 980 dignitas,
906 878 944 953 &
972 901 1103 977 magna
1129 880 1153 957 S
1181 882 1280 957 iritus
1319 886 1451 983 copia,
1476 883 1773 985 quandoquidem
1807 886 1919 962 medii
2026 960 2030 969 .

572 978 673 1057 inter
693 978 886 1079 Apostolos
916 976 955 1052 &
978 904 1211 1083 EvangeliEas
1239 982 1511 1078 interjiciuntur.
1560 978 1655 1058 Nam
1678 996 1718 1060 ut
1739 984 1783 1059 ab
1817 986 1918 1085 Apo·

569 1074 676 1153 stolis
696 1076 862 1165 secundi,
887 1074 937 1153 lic
961 1072 1117 1175 sepohtis
1140 1077 1322 1177 Apostolis
1355 1082 1461 1194 primi
1482 1093 1723 1158 numerantur.
1777 1081 1916 1161 lllunus

570 1172 763 1275 ipsorum,
787 1198 902 1290 quum
922 1173 1119 1251 constiterit
1137 1176 1176 1249 in
1198 1174 1392 1277 Evangelii,
1406 1201 1452 1253 ex
1475 1179 1546 1253 anti
1573 1180 1628 1255 uis
1657 1202 1725 1280 pro
1751 1179 1916 1257 betarum

569 1272 733 1351 oraculis
750 1273 862 1351 solida
884 1272 1179 1359 confirmatione,
1203 1273 1462 1353 nobilissimum
1490 1274 1538 1351 su‘
1567 1299 1587 1353 e
1610 1280 1708 1355 mani
1723 1277 1833 1355 estum
1853 1276 1913 1355 eil.

567 1372 638 1451 Ad
660 1394 741 1451 eam
772 1394 850 1449 rein
882 1371 986 1447 dotes
1016 1372 1288 1470 requirebantur
1313 1376 1478 1463 eximie,
1503 1376 1629 1489 ingens
1659 1378 1822 1476 cognitio
1860 1400 1916 1453 re·

565 1490 662 1551 runi
688 1470 874 1571 religionis
904 1468 1130 1555 Christianae,
1155 1470 1192 1545 &
1222 1468 1419 1549 harmoniae
1456 1471 1671 1550 admirabilis
1708 1497 1788 1574 quae
1822 1477 1916 1553 inter

559 1570 658 1665 ejus
685 1582 803 1670 partes
841 1568 1059 1657 intercedit,
1098 1568 1135 1645 &
1176 1569 1475 1668 propheticorum
1506 1571 1765 1651 emblematum
1808 1586 1916 1674 atque

564 1667 832 1767 neugmatum,
865 1667 996 1767 quibus
1029 1689 1085 1742 res
1114 1664 1298 1765 Evangelii
1329 1668 1524 1769 antiquitus
1553 1670 1803 1771 repraesentatae
1836 1670 1918 1749 lue·

562 1778 682 1854 tunt,
706 1768 833 1865 ingens
854 1778 1021 1867 preterea
1038 1763 1183 1843 facultas
1208 1766 1348 1845 illarum
1376 1790 1495 1843 rerum
1518 1768 1563 1844 ad
1589 1766 1740 1847 ecclesie
1762 1769 1916 1847 aedilica-
2037 1840 2043 1877 Ι

564 1864 716 1955 tionem
738 1863 1043 1965 explicandarum
1096 1864 1191 1960 Quae
1212 1864 1316 1941 dotes
1343 1889 1421 1943 non
1447 1878 1518 1941 tam
1546 1869 1716 1945 exercitio
1738 1870 1774 1943 δι
1796 1868 1914 1947 studio

563 1964 762 2065 prophetis
796 1964 1005 2060 obtigerunt
1018 1987 1030 2056 3
1055 1985 1164 2075 quani
1191 1962 1320 2077 afflatu.
1342 1966 1464 2066 aliquo
1494 1967 1775 2043 extraordinario
1804 1968 1916 2141 Spiri-

563 2074 654 2149 tus,
677 2064 714 2139 &
735 2061 888 2163 virgula,
942 2059 1017 2135 uod
1041 2059 1111 2137 dici
1132 2061 1244 2148 solet,
1271 2060 1415 2141 Divina.
1467 2062 1562 2159 Quae
1588 2077 1710 2140 tamen
1732 2064 1914 2165 linguonis

562 2158 649 2243 Dei
669 2163 781 2263 gratia
797 2184 877 2237 non
899 2084 1014 2272 oEllat
1034 2157 1226 2258 diligentie
1249 2160 1319 2246 illi,
1343 2184 1453 2261 quam
1477 2162 1521 2237 ad
1553 2158 1914 2262 praestantissimorum

563 2260 761 2341 donem
792 2257 1085 2337 consecutionem
1113 2278 1244 2333 omnes
1266 2259 1434 2335 adbibere
1459 2262 1682 2336 tenebantur.
1733 2259 1832 2339 Hinc
1859 2262 1911 2337 sa·

564 2356 697 2445 dlum,
733 2369 775 2435 ut
832 2353 1120 2433 uemadmoduin
1152 2357 1191 2431 in
1219 2357 1330 2455 prisca
1364 2354 1517 2437 Ecclesia
1545 2358 1756 2446 lsraelitica,
1789 2362 1837 2436 ita
1874 2359 1913 2453 δι

560 2456 612 2537 dn
642 2460 758 2631 priqia
789 2381 1015 2541 CErilliana‚
1047 2451 1214 2555 frequens
1248 2453 1354 2535 suerit
1389 2458 1646 2537 exercitiorum
1678 2457 1913 2561 prophetico·
2052 2528 2059 2541 .

741 2580 771 2635 Se

562 2576 663 2736 a}
671 2579 819 2736 EElll,
847 2654 907 2734 De
930 2652 1107 2732 e'usmodi
1134 2653 1312 2734 exercitiis
1337 2652 1557 2757 propheticis
1589 2654 1817 2762 intelligenda
1844 2652 1911 2736 elle
1929 2670 2062 2768 xlvlll.

563 2755 723 2848 arbitror
759 2777 839 2856 quae
872 2754 945 2836 Pau
961 2777 1002 2830 us
1034 2756 1197 2871 praecipit
1224 2782 1240 2832 1
1264 2753 1349 2834 Cor.
1369 2776 1452 2832 xiv.
1476 2781 1533 2848 29.
1555 2754 1593 2830 ἀ
1611 2755 1680 2860 seq.
1733 2757 1806 2838 Ubi
1832 2761 1910 2833 duos
1928 2756 2074 2817 &etaim

554 2859 667 2954 fisus·
684 2875 745 2932 aut
765 2876 829 2933 orer
855 2854 1015 2952 propbetas
1039 2876 1077 2928 in
1097 2851 1249 2932 Ecclesia
1281 2852 1385 2954 loqui
1415 2853 1516 2939 vult,
1542 2853 1675 2932 scilicet
1698 2852 1907 2940 successive,
1927 2844 2068 2968 'zm'

563 2975 646 3034 uno
674 2954 753 3040 die,
778 2977 826 3031 ne
847 2952 1079 3029 multitudine
1108 2951 1336 3052 loquentium
1363 2952 1561 3027 obruantur
1584 2952 1776 3031 auditores.
1824 2923 1993 3046 Alitsfw„
2007 3004 2068 3044 mo-

563 3050 1684 3254 Esil‘e’,lllnsiilssiills'sl‘se'lshssiiihli
1706 3052 1906 3253 ,hesit
1923 3065 2093 3224 ,ssu

593 3250 855 3352 rophetarum,
888 3271 932 3324 an
953 3243 1033 3324 ‘rite
1067 3251 1173 3322 etiam
1210 3245 1434 3345 applicentur
1469 3243 1534 3325 suo
1564 3243 1700 3348 lingula
1736 3248 1904 3331 sub'edlo.

607 3373 665 3430 ain
683 3347 793 3426 debet
819 3352 858 3425 in
894 3345 957 3426 tali
989 3343 1213 3460 expohtione
1247 3344 1518 3445 prophetiarum
1552 3343 1619 3424 elle
1646 3274 1904 3430 demonEmtio

563 3445 616 3536 ad
636 3447 901 3528 conscientiam.
950 3443 1060 3530 Addit
1080 3445 1108 3522 A
1138 3443 1296 3536 ostolus,
1321 3443 1448 3558 qrodfi
1465 3447 1546 3546 quid
1565 3449 1622 3522 alii·
1641 3451 1816 3526 recesseris
1827 3451 1906 3546 fiee-

554 3557 612 3638 gis
629 3549 803 3644 aventi,
826 3554 912 3643 prior
932 3564 1040 3623 noeto.
1131 3539 1253 3619 olebat
1279 3566 1378 3620 enini
1408 3566 1493 3622 eum
1516 3546 1580 3646 qui
1600 3545 1817 3649 loquebatur
1838 3571 1906 3648 pu·

559 3663 664 3740 tare,
688 3649 737 3724 ita
760 3645 793 3724 se
818 3648 857 3724 in
887 3642 1063 3744 loquendi
1084 3641 1308 3743 provinciam
1341 3640 1491 3732 venisse,
1518 3656 1659 3722 utnon
1689 3643 1775 3724 velit
1804 3645 1905 3722 vicis·

518 3747 632 3840 „lim
655 3745 800 3833 audite,
826 3748 934 3822 etiam
962 3746 1163 3841 interrupto
1190 3739 1353 3818 sermone
1384 3741 1460 3820 suo.
1508 3738 1590 3821 Erat
1611 3744 1683 3824 hoc
1719 3767 1766 3821 ex
1800 3767 1904 3822 more

556 3841 714 4040 gemb
743 3843 839 3922 lnter
868 3840 1038 3944 Judaeos,
1073 3843 1114 3916 in
1144 3841 1292 3940 Synago
1320 3841 1372 3931 is,
1397 3842 1435 3916 in
1466 3841 1722 3930 conclavibus,
1747 3845 1785 3919 in
1809 3844 1904 3919 atriis

564 4033 569 4042 .
622 3967 695 4046 ml).
726 3997 737 4030 2

762 3944 875 4020 habiti
899 3938 1042 4016 luerunt
1070 3937 1252 4014 sermones
1294 3940 1545 4026 aniiliariores,
1571 3941 1611 4017 in
1641 3943 1770 4043 quibus
1793 3943 1905 4016 inter·

554 4041 745 4144 κομιῶ,
773 4038 975 4123 udicandi,
1002 4037 1040 4114 ἃ
1060 4036 1118 4115 sua
1146 4033 1291 4114 vicillim
1316 4060 1361 4114 co
1388 4041 1468 4117 itata
1496 4039 1733 4140 expromendi
1756 4039 1906 4116 dabatur

555 4137 719 4234 pcmsso.
769 4067 833 4219 Eti
872 4137 1018 4238 copiose
1043 4135 1198 4216 ostendit
1227 4133 1336 4212 Doni
1363 4160 1458 4217 imus
1495 4137 1559 4215 Vir
1594 4151 1811 4253 §mercius
1837 4151 1906 4253 ³⁷¹⁶.

560 4267 709 4332 tantun
736 4241 973 4338 Archisynagngr·
994 4239 1049 4332 sui
1082 4245 1157 4330 Cap.
1176 4257 1235 4314 xr.
1289 4233 1468 4315 caeterum
1496 4240 1524 4313 is
1550 4260 1613 4336 qui
1639 4235 1812 4334 loquendi
1839 4234 1904 4332 sibi

556 4343 710 4422 veniam
744 4336 936 4442 poscebat,
961 4359 1047 4416 cum
1078 4331 1218 4412 filentio
1252 4333 1417 4422 alterius,
1443 4335 1598 4414 debebat
1627 4333 1757 4410 habere
1783 4341 1911 4444 obruant.¹

554 4435 682 4540 mrsu,
704 4437 745 4520 id
768 4439 819 4518 ell
849 4435 1044 4518 dilliudam
1073 4435 1229 4514 veritatis
1250 4456 1305 4613 len
1328 4433 1465 4514 Divina
1487 4430 1744 4513 informatione
1775 4433 1904 4546 cogui-

1278 4555 1339 4632 ις
1435 4567 1438 4574 ·
1506 4593 1509 4600 .
1831 4544 1904 4610 no-
