4909 5425
672 508 730 584 De
756 474 962 586 anonimo
989 520 1080 579 roan
1100 508 1289 584 cierirrr.
1311 508 1587 585 Bmuioniciii·
1738 537 1797 604 227
1886 510 1908 555 t

463 623 704 726 collegerint,
730 638 816 705 eiioi
838 624 1024 705 coelestem
1071 626 1195 701 eninm
1219 620 1339 710 soille,
1388 627 1465 703 uod
1498 627 1536 703 δι
1559 627 1606 705 de
1632 627 1794 734 Haggaeo
1815 654 1972 740 panim.

463 726 601 804 monui
660 723 871 828 judaeorum
909 651 1075 801 nonnuffi
1108 722 1255 801 tradunt
1290 723 1390 801 suie
1430 727 1699 822 Mordaciorem,
1735 732 1795 809 alii
1813 744 1960 808 mirmu-

463 832 601 915 ῑωι,
624 822 791 901 nonnulli
809 825 919 900 etiarn
943 819 1187 913 zorobabelem,
1211 836 1272 901 aut
1296 825 1507 910 Neleiirr'iini
1533 839 1663 904 onmes
1686 829 1794 907 futili·
1812 836 1885 882 '’¹¹“-

463 922 526 1000 boe
549 936 613 1000 aut
634 922 739 998 nullis
758 923 968 999 rationibus.
1018 920 1148 1000 Verius
1169 921 1241 1009 est,
1266 919 1334 1000 elle
1353 945 1492 1002 nomen
1512 927 1703 1027 proprium
1723 929 1795 1006 ho·

463 1022 593 1109 minie,
618 1021 721 1118 cujus
752 1020 895 1097 historia
927 1021 1035 1098 nobis
1061 1021 1110 1121 eli
1134 1022 1220 1098 inco
1248 1023 1329 1098 nita
1380 1025 1429 1102 At
1460 1046 1530 1101 nec
1561 1022 1797 1106 determinate

463 1118 617 1206 dixeris,
642 1142 713 1221 qua
739 1130 840 1196 aetate
863 1118 1140 1220 prophetaverit.
1191 1046 1246 1199 if
1257 1132 1378 1221 patet,
1402 1143 1471 1221 pro
1498 1119 1627 1201 lietalle
1653 1126 1796 1226 templo

463 1220 532 1317 jain
554 1217 751 1304 eiillruilo,
778 1218 862 1318 quia
880 1217 972 1294 illius
997 1231 1039 1295 ut
1059 1222 1191 1318 integri
1213 1222 1443 1297 mentionem
1465 1146 1558 1299 geli.
1581 1222 1670 1322 Cap.
1687 1250 1720 1305 1.
1738 1248 1794 1302 io.

463 1317 564 1414 Quin
585 1319 693 1396 etiam
713 1328 860 1417 apparet
881 1315 979 1403 saus,
1006 1340 1090 1394 euin
1110 1314 1208 1393 fuille
1226 1330 1393 1418 tempore
1412 1321 1585 1419 proximo
1637 1321 1692 1398 oli
1711 1321 1797 1400 iadi-

463 1416 667 1495 ficationem
685 1415 832 1591 templi:
859 1417 1032 1493 nimirum
1059 1437 1134 1518 quo
1156 1415 1257 1495 lsrael
1282 1415 1401 1495 adhuc
1423 1415 1491 1495 suit
1514 1417 1576 1496 sub
1608 1344 1795 1507 Bucibue.

466 1515 583 1694 ppales
615 1513 766 1595 Zoroba
792 1512 826 1590 el
857 1513 896 1590 &
924 1513 1127 1594 Nehemias.
1179 1514 1276 1594 Nam
1310 1518 1410 1592 Dirce
1443 1519 1669 1596 mentionem
1700 1517 1795 1597 facit.

514 1638 549 1716 p·
568 1643 597 1696 ι.
613 1631 648 1706 8.
699 1612 743 1692 Et
765 1612 855 1689 illud
882 1611 1073 1705 indubium
1099 1613 1173 1706 est,
1195 1608 1317 1691 vixisse
1345 1617 1570 1789 temporibus
1594 1620 1796 1719 corruptis,

469 1735 618 1814 quorum
635 1714 781 1789 initium
799 1709 996 1793 Nehemias
1014 1714 1142 1814 attigit.
1191 1712 1376 1792 Invehitur
1395 1735 1415 1790 a
1443 1713 1557 1792 versus
1576 1714 1699 1793 illicita
1719 1740 1796 1794 ma·

472 1816 630 1893 trinionia
660 1811 748 1925 Cap.
767 1836 826 1894 ii.
843 1839 899 1890 ii.
935 1811 1133 1913 dequibus
1163 1812 1319 1894 Nehem.
1331 1835 1442 1891 xiii.
1465 1835 1523 1909 23.
1539 1829 1600 1904 28·
1632 1815 1795 1892 adversus

475 1910 682 1991 dauniorum
711 1909 1013 1987 interversionem.
1044 1912 1131 2014 Cap.
1156 1937 1237 1992 iii.
1264 1926 1299 2002 8.
1333 1913 1380 1988 de
1413 1933 1485 2013 qua
1514 1911 1795 1995 Nelieni.xiii.

479 2036 524 2091 io
538 2038 592 2091 ii.
615 2008 778 2090 adversus
799 2008 1066 2110 profanationes
1091 2012 1186 2094 alias.
1207 2011 1295 2111 Cap
1314 2036 1345 2090 ι.
1363 2035 1419 2107 13·
1445 2010 1482 2086 &
1509 2036 1564 2091 ii.
1581 2027 1613 2102 8.
1644 2010 1690 2089 de
1740 2015 1798 2091 ui·
1960 2026 1972 2034 '

475 2108 531 2189 bii
553 2109 910 2208 Nehem.xiii.15.
960 2108 1158 2189 Concludit
1180 2110 1429 2188 convertendo
1452 2132 1504 2209 po
1531 2109 1633 2188 ulum
1653 2110 1701 2186 ad

475 2209 561 2287 illuni
580 2207 714 2297 Mons,
728 2220 846 2309 atque
866 2208 912 2285 ad
933 2208 1000 2284 eiii
1039 2207 1232 2285 dationem
1252 2205 1336 2286 Eliae
1388 2133 1610 2297 mensoris,
1635 2210 1673 2286 δι
1697 2209 1796 2288 Mes·

475 2304 518 2385 m
537 2305 619 2387 solie
640 2307 788 2405 justitiae.
840 2306 923 2387 Post
946 2231 1052 2406 ipffis
1087 2329 1133 2384 ex
1156 2307 1232 2387 hoc
1253 2329 1344 2384 mun
1371 2329 1396 2382 o
1425 2304 1627 2394 excessum,
1652 2307 1794 2409 spiritus

474 2409 565 2486 etiam
584 2407 784 2509 Prophetiae
805 2402 967 2497 excolit,
993 2428 1036 2482 ac
1057 2406 1164 2484 veluti
1187 2407 1397 2508 peregrinus
1416 2403 1484 2483 luit
1507 2407 1599 2485 iuter
1624 2405 1794 2507 Judaeos,

524 2530 568 2584 ue
589 2506 679 2585 dum
697 2528 824 2583 aurora
847 2502 1029 2605 Evangelii
1053 2504 1278 2583 illucesceret

555 2603 725 2687 XXIV.
750 2604 867 2702 Quod
890 2617 1012 2684 tamen
1035 2605 1084 2684 ita
1108 2603 1154 2682 de
1178 2627 1330 2685 munere
1351 2605 1568 2709 prophetico
1589 2605 1792 2709 intelligen·
1809 2649 1971 2722 xxm·

474 2702 549 2784 dum
570 2706 653 2793 est..
674 2718 715 2783 ut
737 2728 815 2782 non
839 2703 977 2784 idcirco
1001 2717 1153 2806 negetur
1173 2703 1406 2807 lingulmibiu
1433 2702 1646 2810 quibusdam
1667 2707 1788 2808 perso·
1808 2734 1839 2796 sa
1850 2701 1970 2799 m,

471 2807 517 2882 nii
536 2802 721 2905 contigisse
741 2804 974 2882 revelationes
995 2804 1182 2905 quasdam,
1210 2803 1409 2905 quibusda
1432 2808 1539 2882 rebus
1565 2806 1623 2880 vel
1648 2806 1693 2882 ad
1715 2809 1787 2906 pri·
1808 2812 1955 2887 Properti.

464 2916 573 2984 ratam
598 2904 695 2983 {iiam
717 2903 773 2979 vel
791 2901 835 2980 ad
860 2924 1097 2980 communem
1120 2902 1266 2982 salutem
1291 2901 1313 2979 l
1351 2901 1789 2982 &antibus'inforniaien-
1808 2885 2000 2966 ΨΜ·-

469 3014 525 3081 ur.
574 3003 705 3105 Neque
726 3003 824 3079 enim
858 3001 998 3078 idoneae
1023 3000 1102 3080 satie
1131 2998 1254 3080 caussae
1282 3025 1302 3078 e
1329 3024 1350 3078 e
1380 3000 1571 3092 videntur,
1596 3020 1660 3076 cur
1683 2983 1967 3122 bonaessgujffl

466 3115 554 3182 iotae
572 3102 746 3180 liilloricis
766 3101 847 3178 talia
867 3102 1090 3180 narrantibus
1135 3099 1286 3179 raesraile
1306 3112 1456 3199 negetur
1476 3094 1573 3174 fides.
1809 3120 1973 3200 Perperna.

506 3199 702 3284 XXXV.
735 3198 876 3280 Notum
909 3199 960 3277 est
988 3199 1077 3301 quid
1107 3125 1236 3300 fanno
1256 3209 1456 3312 ,Ponririci
1481 3192 1674 3299 ,contigisse
1704 3203 1792 3296 ,iose-

463 3303 532 3403 plri
553 3311 758 3387 memoret,
782 3321 897 3402 quum
926 3295 1127 3378 Alexander
1149 3294 1284 3396 Judaeis
1313 3306 1421 3372 iratus
1451 3309 1655 3397 expugnata
1689 3297 1791 3380 Gaza
1809 3270 1940 3342 XXXV·
2025 3313 2044 3366 i

463 3398 746 3502 Hierosolymam
778 3420 931 3500 propere
967 3406 1143 3514 moveret
1181 3392 1301 3514 ,Tunc
1328 3389 1516 3512 Pontifex..
1543 3397 1657 3514 multa
1680 3402 1791 3502 trepi.
1810 3356 1983 3516 §²502ssss

463 3499 564 3582 ilinte
587 3501 713 3577 animo
732 3495 852 3574 frustra
872 3496 1043 3582 volvens,
1069 3492 1207 3573 inditiis
1226 3493 1367 3670 populo
1388 3494 1729 3598 supplicationibus,
1754 3499 1944 3590 &sesenna

463 3598 653 3680 immolatis
684 3595 771 3678 Deo
809 3597 985 3685 vitliniii,
1009 3593 1193 3695 publicam
1228 3615 1266 3693 ip
1328 3591 1473 3674 salutern
1511 3597 1792 3676 commendavit

463 3699 626 3782 lioxiiiia
648 3722 734 3776 vero
764 3695 844 3799 post
867 3694 1075 3774 sacrificium
1097 3693 1204 3773 noile
1237 3690 1451 3772 insomniis
1481 3695 1514 3771 ei
1547 3691 1651 3773 Deus
1683 3719 1793 3798 appa-
1928 3785 1931 3790 ,

463 3803 550 3889 ruit,
575 3799 705 3898 jubens
722 3809 763 3874 ut
787 3796 889 3872 bono
908 3796 1037 3910 ‘anino
1060 3792 1163 3910 ellet3
1190 3793 1228 3870 ἀ
1253 3803 1425 3907 coronata
1449 3792 1539 3909 urbe
1560 3807 1682 3909 portas
1708 3817 1794 3895 ape·

463 3889 1794 4108 enlin.repatriaturumnillaillirium

463 4097 529 4178 Dei
549 4095 785 4198 providentia.
837 4091 932 4189 Quae
975 4111 1056 4166 uain
1077 4089 1227 4169 sehciter
1244 4087 1327 4192 ipsi,
1351 4101 1495 4194 totique
1510 4088 1649 4191 populo
1665 4086 1791 4188 Judai·

463 4219 502 4276 :o
521 4191 709 4280 cesserint,
735 4192 818 4269 alibi
836 4215 856 4268 a
876 4212 937 4268 me
1006 4212 1061 4268 ius
1085 4187 1289 4291 expolitum
1311 4189 1369 4267 eil.

503 4291 720 4375 XXXVI.
747 4289 877 4369 Nescio
899 4313 945 4366 an
966 4300 1107 4367 tantuin
1124 4285 1359 4366 tribuendum
1389 4285 1431 4363 iit
1453 4283 1605 4362 historiae
1655 4309 1708 4364 uae
1730 4288 1787 4365 in·
1806 4318 1949 4389 χχχῃ,
2075 4333 2078 4340 -

463 4397 599 4472 renimr
633 4390 840 4476 2Maecab.
864 4411 923 4467 xv.
975 4387 1105 4485 Quum
1136 4387 1300 4469 Nicanor
1331 4383 1500 4487 improbe
1534 4309 1787 4499 sejudaeam
1806 4404 1940 4478 ειμι.

463 4498 530 4582 ‘nm
561 4490 814 4582 devoraverat.
838 4485 954 4594 Juoii
983 4487 1230 4671 lliicoianpsf
1250 4485 1434 4591 populum
1462 4479 1508 4563 ad
1586 4573 1607 4588 ..
1623 4483 1787 4588 tuorem
1804 4480 1932 4621 {2¹5⁶st-

1246 4610 1272 4675 2
1714 4609 1789 4669 ex·
1859 4596 1870 4622 ⁶
1941 4647 1953 4660 .
