4909 5425
547 736 628 791 cras
663 702 834 809 inprimis
868 700 1018 780 amabat
1053 699 1159 803 ipse,
1201 704 1479 797 venerabatur,
1521 712 1561 787 &
1597 712 1909 797 commendabat

548 808 777 908 Scripturas,
805 820 1057 907 tanquamnex
1087 799 1226 903 quibus
1261 800 1349 881 solis
1376 830 1465 883 vere
1487 800 1744 911 sapiendum3
1777 814 1817 889 δι
1852 815 1908 893 has

547 901 616 984 srbi
641 892 864 1003 longislimo
887 892 952 973 ulii
979 907 1120 974 tecerat
1144 896 1473 985 familiarissimas,
1515 924 1558 980 ut
1576 902 1696 981 verba
1721 934 1815 986 non
1837 932 1908 990 tan·

550 1020 636 1079 tum
657 1000 714 1075 ori
745 992 856 1071 inalia
880 991 1022 1095 ubique
1040 991 1194 1072 haberet
1214 995 1253 1071 in
1298 1022 1480 1100 romptu,
1509 996 1572 1077 sed
1592 1003 1629 1079 ὃ(
1655 1004 1829 1081 Sensum
1853 1036 1908 1087 eo

548 1122 639 1175 rum
662 1089 701 1173 di
743 1090 933 1169 cillimum
950 1086 1091 1193 absque
1113 1116 1225 1170 mora
1256 1022 1562 1204 dambagibus,
1590 1092 1766 1203 'adderet
1793 1128 1836 1179 re
1858 1106 1906 1183 id·

549 1193 741 1303 exigente.
790 1192 927 1289 Neque
945 1184 1029 1262 lreic
1051 1183 1242 1293 pendebat
1269 1185 1317 1265 ab
1340 1188 1508 1297 hominis
1525 1190 1645 1297 'ullius
1665 1187 1905 1291 disiamine,

548 1311 701 1393 optime
722 1306 822 1362 ratus
855 1278 895 1358 td
918 1306 999 1359 non
1021 1286 1099 1391 pati
1123 1280 1214 1361 fidet
1243 1284 1460 1367 Christianae
1481 1288 1667 1367 Divinam
1697 1293 1902 1385 Gloriam,

549 1385 611 1466 sed
645 1381 756 1461 solius
781 1380 939 1480 Spiritus
968 1378 1203 1483 l)itcipulum
1230 1378 1608 1485 obsequentissimum
1634 1382 1674 1463 se
1699 1389 1907 1473 testabatur

547 1487 588 1561 δι
612 1475 818 1585 prestabat.
871 1476 971 1551 Hinc
992 1473 1131 1576 procul
1153 1474 1294 1567 abfuit,
1320 1504 1427 1581 aeque
1450 1476 1471 1557 it
1491 1501 1670 1559 veterum
1689 1482 1906 1569 fastidio&

549 1600 749 1657 novorum
770 1572 943 1673 pruritu,
978 1598 1094 1676 quum
1119 1568 1360 1651 inovorum
1374 1574 1479 1655 Odio
1496 1581 1535 1655 δι
1556 1597 1736 1657 veterum
1759 1585 1906 1675 insano,

549 1694 665 1781 atque
687 1667 801 1747 inerti
822 1693 967 1743 anrore.
1018 1667 1153 1745 Noluit
1172 1667 1235 1745 illc
1255 1670 1345 1773 cogi
1366 1667 1630 1777 iquoquam,
1658 1676 1727 1754 sed
1753 1704 1828 1759 nec
1845 1710 1904 1761 co-

578 1796 641 1849 ere
662 1788 928 1880 quemquam,
966 1788 1086 1867 partes
1107 1789 1177 1841 nec
1199 1764 1236 1842 se
1268 1767 1305 1842 ui
1333 1792 1406 1847 nec
1430 1768 1551 1847 facere
1574 1768 1734 1853 dusius.
1792 1779 1904 1859 Place-

548 1796 616 1947 bat
642 1862 697 1943 illi
719 1886 829 1939 aurea
852 1860 914 1937 illa
940 1865 973 1933 in
999 1860 1193 1951 Neceffariti
1251 1867 1352 1945 nitas,
1376 1870 1410 1937 in
1429 1892 1489 1939 nott
1508 1865 1702 1957 Neceffirrt't's
1731 1876 1896 1957 Libertas,

546 1970 593 2039 es*
611 1967 643 2034 in
660 1957 800 2035 ombus
811 1962 986 2031 Prudentia
1003 1960 1225 2039 eschances,
1251 1984 1367 2062 quam
1385 1988 1458 2061 pro
1474 1960 1584 2040 solito
1595 1966 1801 2066 Symbolo
1815 1997 1898 2073 pro·

547 2059 737 2139 fitebatur.
789 2060 871 2131 Nec
897 2052 1048 2155 potestis
1089 2050 1265 2131 dubitare
1296 2054 1344 2132 tle
1372 2060 1452 2136 Viri
1472 2057 1565 2137 Zelo
1586 2086 1662 2162 pto
1690 2060 1778 2145 fide
1798 2066 1896 2147 lemel

549 2154 682 2235 sanetis
701 2147 838 2228 tradita
860 2154 898 2225 lit
917 2176 988 2253 pro
1008 2176 1094 2229 vera
1117 2152 1157 2228 in
1178 2153 1303 2227 Deum
1320 2156 1477 2233 Pietate:
1506 2181 1622 2259 quem
1641 2156 1800 2263 scriptis
1820 2192 1899 2243 mo·

547 2251 740 2333 numentis
761 2248 955 2348 expressit,
980 2244 1178 2325 comesset
1200 2246 1302 2349 apud
1318 2249 1615 2333 leovardicnses
1628 2258 1668 2329 ὃ(
1689 2260 1903 2369 Franeque-

549 2374 664 2427 ranos
694 2343 869 2424 advertus
903 2342 1138 2444 lingentium
1172 2365 1264 2423 tunc
1298 2348 1532 2449 opinionum
1555 2354 1811 2455 quarundam
1829 2381 1904 2439 tam

546 2442 874 2544 Theologicarum
893 2466 1010 2547 quam
1036 2438 1392 2545 Philol'opbicarum
1414 2443 1604 2557 pericula;
1640 2476 1771 2555 quem
1804 2450 1905 2561 apud

545 2540 784 2631 Traieelinos
806 2540 846 2615 δι
870 2533 1141 2638 Lugdunenses
1165 2533 1460 2630 demonstravit,
1486 2568 1576 2620 cum
1603 2551 1772 2627 rationis
1798 2574 1904 2631 auto·

548 2640 698 2716 ritatem
717 2632 824 2736 supra
842 2635 1074 2745 Scripturanr
1096 2631 1310 2736 longillime
1334 2636 1465 2718 extolli
1482 2686 1491 2720 s
1519 2644 1558 2717 bt
1575 2639 1677 2722 hanc
1698 2644 1808 2730 illius
1834 2654 1901 2730 lm·

547 2737 658 2840 perio
683 2729 833 2836 prorsus
850 2726 1001 2820 subiici,
1025 2728 1083 2808 vel
1103 2732 1535 2842 interpretamentorum
1556 2737 1734 2822 ludibriis
1763 2749 1903 2829 evertis

546 2833 769 2935 neutiquam
788 2825 823 2904 se
848 2827 923 2929 pati
945 2825 1048 2930 poll'e
1069 2825 1211 2932 scriptis
1224 2834 1332 2909 etiam
1348 2831 1506 2934 publicis
1526 2833 1749 2926 testaretur3
1782 2847 1903 2946 &qui

545 2933 587 3008 in
607 2929 688 3029 ipso
708 2924 809 3002 haud
827 2921 1120 3034 parumcxarlit
1142 2923 1354 3034 novillimo
1380 2929 1598 3106 Tempore,
1631 2933 1699 3012 ubi
1723 2939 1903 3044 Discipli-

546 3051 637 3102 nam
665 3047 827 3099 omnem
846 3019 1014 3100 Eccleltae
1033 3019 1208 3102 adversus
1235 3020 1325 3100 fidei
1346 3051 1431 3105 vere
1449 3024 1667 3108 Creistianae
1697 3028 1839 3114 dicam
1861 3064 1903 3117 an

545 3120 699 3200 omnis,
726 3119 819 3218 quin
841 3121 879 3195 ὃ(
902 3119 1058 3196 rationis
1079 3117 1188 3224 ipsius
1203 3121 1313 3198 restet
1333 3126 1540 3213 eversores,
1566 3123 1655 3204 alibi
1676 3127 1747 3206 sub
1771 3131 1904 3214 inanis·

544 3213 648 3292 simis
669 3213 912 3318 praetextibus
932 3213 1148 3292 conculcari
1202 3215 1317 3298 alam,
1346 3221 1384 3296 &
1413 3219 1514 3298 male
1532 3221 1626 3300 sanae
1645 3227 1796 3307 rationi
1816 3258 1902 3309 om·

544 3312 607 3390 nia
621 3311 697 3388 fere
715 3311 880 3414 permitti
900 3307 946 3387 ad
967 3241 1216 3389 subvertenda
1230 3311 1499 3395 Clitillianilini
1518 3317 1799 3416 fundamenta,
1825 3328 1903 3409 aliis

543 3403 765 3488 dolentibus
795 3404 955 3519 quidem
976 3403 1038 3487 sed
1060 3428 1188 3486 tumen
1214 3431 1335 3490 tacere
1354 3413 1513 3502 coiens,
1541 3416 1775 3500 observavit.
1828 3425 1903 3502 Uti-

573 3527 719 3584 utnon
739 3501 1007 3582 obliviscentur
1038 3499 1146 3582 facile
1165 3533 1321 3586 mecum
1343 3511 1466 3586 Amici
1494 3512 1628 3603 multi,
1686 3521 1816 3600 uotics
1847 3543 1901 3600 te·

544 3529 658 3684 llarus
677 3598 720 3678 stt
748 3598 934 3702 gaitdtutn
955 3598 1003 3676 de
1029 3603 1256 3705 propinquo
1291 3607 1374 3681 vitae
1396 3601 1466 3684 l'uae
1490 3605 1597 3697 fine,
1635 3539 1690 3687 ol)
1719 3615 1902 3696 instantia
1944 3609 1947 3630 '

543 3727 631 3808 qure
660 3695 836 3800 sagaciter
856 3699 943 3775 hinc
966 3693 1196 3804 previdebat
1224 3697 1391 3778 Ecclesia·
1413 3704 1540 3794 mala,
1576 3710 1615 3784 ὅ(
1637 3713 1800 3810 quoties
1826 3739 1899 3794 tre·

543 3795 673 3904 pidnrc
693 3819 763 3869 nos
782 3792 918 3906 iusserit
939 3795 1004 3897 qui
1027 3803 1128 3871 torte
1148 3795 1415 3898 superessemus
1436 3799 1583 3888 adhuc,
1610 3829 1700 3880 cum
1717 3803 1771 3884 dc
1792 3815 1900 3892 Veri·

544 3917 619 3974 tate
639 3890 784 3971 silutari
808 3915 1058 3997 aeqtieuquam
1084 3889 1238 3974 devera
1258 3895 1398 3997 pictate
1424 3893 1471 3973 ad
1494 3895 1658 3976 Ecclefiae
1688 3904 1726 3979 ὅ(
1754 3909 1900 4020 Reipu-

543 3990 650 4071 blicae
667 3993 864 4066 Inter-itum
884 3988 1104 4104 triumphos
1128 4015 1256 4092 ageret
1284 3994 1435 4070 Satanas
1454 4021 1522 4095 per
1538 4023 1623 4084 eos,
1646 4019 1758 4170 sipius
1783 4011 1901 4086 nuni-

542 4085 606 4165 ms.
627 4084 666 4164 id
681 4083 854 4172 deceret,
889 4091 928 4160 bt
942 4088 1121 4183 quintine
1140 4078 1267 4166 adhuc
1279 4087 1504 4190 religionem
1517 4095 1555 4170 ὃ(
1568 4118 1642 4170 con
1678 4099 1898 4184 sturionum

539 4181 785 4264 Politicurum
803 4200 918 4292 atquc
934 4180 1269 4262 Ecclcliallicarutn
1296 4185 1611 4266 observationem
1636 4185 1758 4272 astute
1780 4195 1898 4280 limu-

539 4279 686 4368 larent‚
724 4275 792 4358 nili
818 4275 1042 4354 mirabiliter
1061 4301 1244 4362 averteret
1275 4287 1406 4370 Deus,
1441 4282 1654 4390 zelumque
1678 4289 1895 4378 Procerum

538 4372 717 4460 adversus
735 4373 1025 4457 Atlteilinum&
1045 4375 1361 4484 Pelagiauismum
1381 4381 1629 4486 acutriuli1uc
1648 4385 1808 4468 Semina
1830 4423 1896 4474 ex·

1754 4488 1893 4574 citaret
