4909 5425
696 489 1527 592 ''pauoris-vannrnonnnmn
1671 474 1679 517 ‘
1761 545 1819 609 117

465 647 544 717 ret,
572 628 614 718 ῤ’
627 629 662 725 se
681 649 833 732 tanquam
849 635 1023 730 malvium
1043 639 1250 730 interficeret,
1275 642 1461 732 excogitavit
1480 655 1519 709 ut
1540 631 1647 713 viram
1674 642 1734 714 Dei
1756 642 1814 716 de·

464 740 606 827 ciperet:
623 734 701 824 fiatri
722 737 816 821 arjlute
829 746 950 830 'agen5,
975 751 1014 805 ut
1034 733 1114 806 dum
1140 734 1400 831 transgrederetur
1426 752 1605 828 preceptum
1627 745 1712 828 Dei,
1736 741 1811 814 illitu

466 839 556 906 narn
576 838 751 906 incurreret
765 839 780 919 (
788 831 872 921 ficut
890 836 984 925 postea
1002 837 1104 923 fecit,
1130 856 1229 931 quum
1255 836 1348 929 magri
1371 833 1486 905 homini
1505 860 1602 932 quam
1622 844 1687 908 Deo
1711 835 1813 914 credi,

465 931 554 1021 dit)
576 956 615 1003 nc
634 951 689 1023 per
714 930 775 1002 saec
794 935 1038 1023 monstrarentur
1068 936 1120 1028 effe
1131 933 1213 1026 fnlfir
1229 958 1306 1029 qua
1328 933 1497 1026 predixitg
1516 933 1621 1033 fitque
1645 943 1714 1030 Q?
1737 958 1809 1028 per.

463 1031 600 1127 suadere
621 1030 734 1124 poffet,
751 1029 834 1120 ficut
847 1032 936 1124 fecit.
987 1028 1166 1106 Caeterum
1195 1051 1272 1103 nou
1302 1031 1524 1105 conveniunt
1547 1031 1623 1106 haec
1656 1053 1740 1106 cum
1766 1039 1808 1112 iis

466 1151 553 1231 quae
579 1127 697 1201 multo
723 1127 965 1225 probabiliora
986 1125 1052 1203 elle
1074 1127 1190 1202 modo
1216 1129 1397 1204 evicimus.
1450 1127 1549 1205 Vero
1574 1128 1717 1205 similius
1739 1132 1806 1219 est,

467 1251 518 1305 ex
549 1226 794 1310 humanitate,
821 1226 1011 1309 civilitate,
1037 1227 1073 1300 dc
1108 1225 1232 1300 affeetu
1266 1249 1347 1324 erga
1380 1227 1497 1302 virum
1533 1228 1630 1314 Dei,
1655 1231 1809 1307 amicam

465 1327 565 1404 hanc
587 1327 897 1423 importunitatem
925 1324 1118 1424 profetiam
1150 1320 1242 1415 esse3
1270 1324 1307 1398 &
1363 1348 1450 1402 uum
1485 1328 1621 1403 videret
1654 1326 1687 1402 se
1717 1325 1807 1404 nihil

465 1428 688 1525 impetrare,
713 1422 859 1498 tandem
919 1424 1057 1500 recibus
1092 1424 1161 1498 suis
1194 1421 1340 1518 adjunxi
1368 1448 1388 1498 e
1422 1427 1676 1502 mendacium:
1705 1423 1807 1526 quod
1931 1434 1948 1445 ’“

466 1521 619 1602 sortaffis
651 1544 729 1597 non
761 1520 874 1598 nisio
915 1522 1051 1598 ciosum
1078 1521 1144 1600 elle
1179 1523 1433 1608 arbitrabatur,
1461 1527 1623 1625 quamvis
1657 1538 1806 1602 eventus

466 1623 639 1701 docuerit
658 1619 759 1695 letale
780 1620 909 1720 hospiti
933 1617 1040 1696 luisse.

516 1716 688 1801 XXVI.
712 1721 757 1796 At
779 1743 1000 1820 quocunque
1025 1717 1063 1794 id
1091 1717 1213 1796 secerit
1242 1722 1365 1797 animo
1390 1737 1484 1799 certe
1508 1722 1645 1820 ingenti
1673 1720 1705 1798 se
1735 1726 1928 1816 cri-xxm,
1982 1808 1985 1815 ,

468 1827 568 1900 mine
591 1817 800 1904 obstrinxit,
826 1842 845 1894 a
867 1842 942 1919 quo
962 1817 1176 1919 prophetam
1201 1843 1287 1897 cuna
1309 1823 1465 1897 maxime
1488 1821 1644 1898 alienum
1665 1826 1802 1923 semper
1817 1826 1989 1924 cincenssg.

467 1919 582 2012 effero
636 1928 726 2002 rtet,
753 1917 790 1991 &
822 1930 900 1993 tum
933 1931 1014 1994 ante
1041 1921 1166 1994 omnia
1199 1919 1345 2018 quando
1370 1918 1444 1999 Dei
1469 1920 1501 1996 se
1523 1923 1674 1997 nomine
1698 1920 1959 2021 loqutv‘trt‘e

465 2032 575 2123 prote
625 2030 691 2093 tur.
742 2015 886 2092 interim
912 2017 1096 2093 tremenda
1125 2018 1184 2093 hic
1205 2019 1238 2092 le
1263 2019 1423 2117 produnt
1453 2021 1611 2096 numinis
1636 2020 1769 2116 judicia
1790 1997 1904 2115 3⁶⁶⁰*
1983 2054 1996 2071 ··

465 2115 634 2197 miranda
653 2117 768 2214 magis
784 2137 892 2214 quam
909 2115 1082 2194 rimanda.
1127 2115 1478 2194 Certemendacium
1498 2119 1698 2196 Bethelitlci
1740 2142 1803 2195 ro·

464 2219 589 2320 phetae
607 2215 716 2316 longe
733 2216 847 2311 majus
865 2218 1003 2291 crimen
1028 2211 1094 2289 elle
1123 2214 1286 2300 videtur,
1312 2239 1421 2315 quam
1444 2218 1584 2295 alterius
1604 2144 1804 2309 inconside-

463 2330 541 2395 rata
575 2315 774 2392 credulitas.
825 2311 930 2391 Hanc
968 2325 1089 2388 tamen
1127 2311 1230 2388 miser
1262 2325 1337 2388 tam
1366 2314 1482 2392 severe
1517 2317 1584 2392 luit
1608 2337 1619 2400 ε
1646 2317 1684 2391 in
1714 2314 1805 2393 illud

464 2414 719 2516 exemplariter
739 2412 1020 2489 animadversum
1049 2406 1115 2486 elle
1136 2435 1214 2489 non
1241 2410 1402 2510 legimus.
1452 2417 1501 2492 At
1523 2429 1601 2491 atro
1621 2416 1804 2502 carbone,

463 2516 502 2593 in
523 2510 874 2690 aegernumdedecus
897 2511 990 2590 male
1010 2507 1158 2589 officiosi
1172 2511 1288 2597 senis,
1310 2524 1458 2590 notatur
1478 2513 1704 2592 mortiferum
1726 2515 1803 2614 ejus

464 2638 551 2693 men
579 2634 709 2690 acrum.

510 2710 702 2795 XXVll.
731 2710 847 2809 Quod
869 2733 945 2788 non
977 2706 1181 2811 permifisset
1197 2708 1320 2801 Deus,
1346 2709 1410 2791 nill
1428 2708 1624 2794 destinasset
1643 2737 1689 2793 eo
1709 2714 1797 2794 abu·
1814 2741 1941 2808 xxvfl,

463 2817 489 2893 ti
510 2814 557 2891 ad
583 2812 900 2890 confirmationem
920 2812 1084 2887 veritatis.
1135 2811 1230 2889 Nam
1253 2812 1276 2889 l.
1299 2813 1499 2892 Occafione
1522 2816 1627 2911 hujus
1650 2813 1796 2890 menda-
1812 2824 1973 2887 Mmtacto

463 2915 507 2993 cii
528 2910 755 2991 maniselbam
773 2909 901 2988 saelum
927 2910 977 2986 eli
1001 2912 1069 2986 toti
1096 2910 1238 3011 populo
1265 2912 1380 2987 verbis
1402 2911 1478 2989 Dei
1505 2912 1549 2988 ad
1581 2912 1797 3012 prophetam
1813 2903 1976 2996 auratae-

463 3026 562 3093 certo
583 3009 830 3109 responsurum
850 2999 916 3085 elle
939 3021 1118 3085 eventum.
1171 3015 1217 3089 At
1243 3034 1288 3085 ue
1318 3031 1363 3085 ex
1395 3032 1441 3086 eo
1497 3010 1572 3086 uod
1605 3008 1795 3109 impletum
1810 2987 1980 3116 marmon-

463 3111 680 3194 oemebant,
706 3109 880 3205 judicium
899 3108 1103 3184 faciendum
1122 3121 1196 3184 erat
1215 3034 1261 3183 ge
1282 3108 1424 3185 caeteris.
1471 3035 1517 3187 il.
1532 3107 1701 3184 Universa
1721 3058 1959 3197 herwart.

463 3213 602 3290 historia
624 3210 809 3309 ingentem
832 3204 1056 3307 Jeroboamo
1076 3220 1250 3282 terrorem
1274 3208 1434 3283 incutere
1453 3206 1588 3284 debuit.
1639 3207 1677 3284 si
1698 3208 1899 3297 enimsusest

463 3306 761 3390 inconfideratum
784 3331 804 3382 e
830 3306 953 3390 ulum,
981 3304 1080 3379 nulla
1102 3328 1138 3398 re
1167 3305 1344 3406 culpabile
1369 3304 1433 3382 nisi
1460 3307 1561 3409 quod
1586 3318 1711 3384 contra
1742 3310 1798 3384 iu·
1813 3296 1900 3355 ΒΜ·

463 3408 649 3491 ῑεῐόίἃυιη
670 3404 744 3483 Dei
769 3430 788 3482 e
815 3418 867 3489 et,
895 3405 953 3479 cui
977 3415 1098 3479 tamen
1131 3426 1231 3481 nunc
1255 3407 1475 3483 contrarium
1507 3405 1717 3484 mandatum
1750 3408 1796 3483 ab

463 3511 527 3589 ilio
580 3508 733 3606 ropheta
753 3503 1035 3588 obtendebatur,
1062 3514 1134 3580 tam
1159 3502 1276 3581 severe
1296 3504 1519 3582 vindicatum
1539 3503 1597 3581 sit:
1612 3506 1699 3607 quid
1717 3530 1795 3584 non

463 3531 622 3712 ivppsicii
644 3603 867 3781 {eroboamo
889 3603 1086 3680 debebatur
1113 3602 1164 3679 ob
1187 3614 1261 3679 tam
1287 3606 1499 3703 proterviter
1526 3618 1718 3682 temeratos
1740 3630 1796 3682 re-

463 3708 602 3809 ligionis
621 3704 652 3782 ll
668 3702 789 3782 osaicae
810 3702 951 3781 castus?
970 3701 1270 3784 Observationem
1291 3702 1390 3779 illam
1413 3702 1650 3782 Theodoreto
1671 3728 1798 3803 accep·

463 3806 654 3890 temlero,
687 3803 824 3903 quibis
853 3825 931 3880 eam
952 3800 1289 3904 verbinexpreslit:
1325 3814 1367 3876 Ἑι
1391 3803 1455 3899 pig
1485 3813 1598 3901 τροφῆς
1622 3804 1799 3896 μετάληψις

463 3905 541 4004 περὶ
565 3906 622 3978 τὶν
648 3912 738 3979 Θείαν
759 3903 878 3976 irretire
899 3911 1057 3990 permira,
1084 3904 1133 3977 rai
1172 3915 1213 3975 tia
1242 3910 1276 4000 ἑξ
1306 3910 1407 3984 isbvir
1441 3904 1509 3984 u'bb'
1533 3909 1566 4001 ἐξ
1595 3904 1717 3981 ἐπαίτης
1743 3934 1815 3992 φοι,

463 4015 616 4095 pompeia,
641 4002 788 4078 versvm
819 4002 910 4095 draibi
933 4001 1050 4093 -dbaairqv
1078 4010 1224 4098 τιμωρίαν
1246 4003 1423 4097 inivvpavr,
1447 4012 1559 4084 satra<
1581 4001 1797 4101 reprensus

463 4110 614 4183 enicem
646 4112 672 4178 ta
697 4106 748 4177 riv
779 4104 832 4191 μὶν
866 4107 1054 4174 vernantia-a
1083 4108 1306 4183 καταλιπόντες
1334 4107 1425 4197 Θεὸν,
1450 4101 1494 4177 rai
1520 4111 1556 4175 tl
1587 4102 1645 4174 cair
1674 4105 1796 4191 &aspar

463 4206 672 4306 spondit-ne
695 4209 908 4294 irminam
935 4198 993 4278 lll.
1009 4200 1125 4296 Quod
1147 4204 1297 4281 cadaver
1317 4205 1504 4305 Prophetae
1526 4200 1671 4278 illaesum
1691 4213 1796 4280 man·

463 4308 555 4396 erit,
582 4306 693 4381 leone
717 4304 792 4402 ipso
817 4301 928 4378 veluti
950 4300 1106 4377 custode-
1128 4299 1320 4397 affistente3
1347 4304 1385 4390 id
1409 4301 1563 4378 docebat
1592 4298 1813 4382 Deobunc,

463 4409 648 4487 nominem
665 4425 759 4481 curae
781 4399 872 4479 elle:
903 4425 1011 4502 quem
1088 4406 1226 4494 ‚niverat
1251 4404 1400 4503 quidem
1426 4415 1466 4475 ut
1490 4393 1794 4506 transgressorem,

463 4504 513 4587 led
531 4504 708 4586 honorari
724 4500 869 4585 volebat
886 4513 926 4579 ut
944 4501 1040 4604 Prop
1067 4515 1160 4581 etam
1172 4526 1180 4578 :
1192 4505 1311 4681 Peujus
1324 4495 1619 4612 pradiiiionibua
1635 4498 1703 4582 bac
1724 4499 1796 4604 ipsa

530 4641 535 4650 ·
1247 4625 1266 4697 3
1587 4615 1591 4624 '
1727 4613 1795 4677 're
