4909 5425
573 480 635 589 ιη
1003 499 1132 573 Lra.
1163 497 1190 572 Ι.
1245 495 1504 571 CnnXV·

581 620 781 707 Ananiam,
806 618 867 696 cui
888 639 957 695 nec
983 628 1141 693 mortem
1167 617 1322 691 minatus
1344 613 1401 690 eit
1455 612 1640 713 Origenes
1666 613 1799 714 putat,
1828 611 1915 693 nne·
1957 615 1959 694 l

583 723 683 800 niam
703 734 777 796 tam
800 721 898 817 gravi
920 718 1165 817 increpatione
1183 712 1400 815 perculsum,
1427 736 1499 813 prae
1527 713 1667 814 pudore
1689 735 1732 790 ac
1756 731 1917 789 moerore

585 821 702 897 nirnio
738 814 872 896 obiille.
927 815 996 894 Sed
1030 818 1146 890 verius
1183 814 1253 898 est,
1280 813 1372 891 Petri
1408 836 1538 890 vocem
1563 809 1659 887 fuille
1686 807 1846 890 cautum
1870 811 1946 888 uti'

540 995 543 1000 .
585 928 718 994 vocant
740 916 914 992 moralem
934 914 1039 1011 hujus
1067 912 1247 1001 miraculi,
1274 910 1375 1014 quod
1399 914 1443 989 ad
1475 934 1555 987 eant
1578 909 1768 1011 patraverit
1793 908 1913 988 Deus:
1957 945 1959 998 ς

583 1021 649 1134 qui
683 1014 938 1116 Apostolorum
969 1011 1239 1097 auctoritatem,
1275 1014 1348 1086 vim
1380 1010 1585 1111 Evangelii,
1612 1011 1649 1087 &
1680 1008 1916 1087 Divinitatem

548 1154 553 1164 ·
585 1116 737 1214 bpiritus
773 1111 889 1194 Sanni
921 1125 995 1187 tam
1036 1110 1211 1210 stupendo
1244 1133 1354 1212 opere
1395 1110 1562 1186 illustrem
1596 1107 1746 1184 reddere
1797 1107 1916 1186 voluit

547 1278 549 1284 .
586 1213 764 1308 Quamvis
787 1213 912 1308 genius
933 1208 1114 1308 Evangelii
1139 1210 1279 1308 prorsus
1303 1210 1346 1284 ad
1370 1207 1677 1285 mansuetudinem
1697 1205 1737 1282 dc
1755 1206 1917 1310 benigni·

585 1324 695 1388 tatem
717 1308 935 1406 compolitus
956 1307 1024 1402 fit3
1050 1308 1166 1385 voluit
1183 1321 1303 1384 tamen
1327 1306 1430 1385 Deus
1454 1307 1556 1383 initio
1580 1305 1851 1405 praedicationia
1871 1307 1916 1406 ip·

585 1409 654 1485 irus
675 1408 840 1483 terribilia
867 1408 1004 1508 aliquot
1037 1408 1170 1483 exstare
1200 1406 1389 1506 exempla,
1415 1419 1456 1481 ut
1492 1404 1675 1505 praefractis
1708 1404 1915 1482 hominibur

587 1510 807 1584 incuteretur
819 1518 944 1581 metus.
994 1506 1113 1607 Atque
1133 1509 1206 1584 hoc
1222 1506 1272 1582 est
1318 1506 1393 1581 uod
1417 1505 1578 1581 dicitur:
1605 1503 1688 1579 vers.
1708 1531 1766 1583 11.
1798 1503 1916 1584 olm

503 1667 512 1700 .‚.
585 1609 735 1697 alimum
753 1633 804 1679 ma
824 1631 877 1678 uu
896 1614 958 1680 toti
977 1606 1129 1698 Ecclefiae‚
1154 1605 1194 1692 65
1215 1530 1355 1681 aurailus
1376 1613 1433 1721 qui
1455 1605 1515 1677 hac
1533 1603 1713 1678 audiebant.

508 1703 512 1720 ¹
636 1699 776 1782 XXX
827 1701 902 1781 Ill.
940 1704 1009 1782 Sed
1030 1705 1066 1779 &
1095 1704 1225 1783 Paulus
1246 1726 1322 1780 non
1344 1726 1463 1780 nnnus
1487 1703 1520 1779 le
1542 1700 1739 1778 terribilem
1794 1700 1916 1780 raestitll

585 1800 720 1902 Elymae
741 1801 856 1901 Mago
874 1828 885 1896 3
911 1805 973 1904 qui
996 1825 1110 1903 quum
1132 1800 1196 1904 ipsr
1218 1805 1313 1878 viam
1334 1802 1406 1880 Dei
1427 1802 1624 1901 exponenti
1645 1799 1742 1899 apud
1761 1723 1915 1900 propru-

586 1913 708 1977 torem
746 1900 910 2000 Sergium
945 1900 1094 1979 Paulum
1129 1899 1342 2002 procacibus
1377 1899 1476 1976 ditiis
1512 1900 1753 1998 obstreperet,
1780 1897 1916 1976 liudem

477 2015 479 2020 ·
587 2012 744 2075 avertere
765 1998 1027 2097 Propraetorenr
1049 2024 1067 2077 a
1088 2002 1181 2086 lide,
1203 1998 1332 2078 Paulus
1351 2024 1387 2075 re
1415 1999 1505 2074 letus
1530 1999 1664 2097 Spiritu
1687 1996 1842 2088 Saudo,
1863 2000 1918 2074 in·

586 2099 695 2173 tentis
717 2099 755 2172 in
781 2119 865 2172 eum
888 2097 1027 2185 oculis,
1053 2100 1101 2175 ita
1120 2097 1234 2199 ipsum
1266 2024 1491 2198 compellalle
1512 2096 1645 2174 fertur:
1686 2107 1714 2170 ο
1733 2099 1917 2193 plenem·

588 2197 679 2283 dola,
704 2194 744 2283 (φ
772 2197 817 2313 ad
840 2198 971 2297 quodvis
987 2201 1086 2292 scelus
1105 2199 1286 2296 facilitate,
1304 2199 1356 2298 fili
1381 2198 1517 2289 diaboii,
1542 2196 1624 2292 injici
1658 2199 1757 2271 umeri
1777 2201 1914 2294 justitia,

588 2294 995 2486 bimiissi'faiifflss
1015 2299 1679 2495 initii,'titillatio
1697 2323 1916 2476 abaci:

584 2512 654 2585 pus.
706 2493 781 2567 Ilico
804 2518 877 2565 vero
901 2494 1013 2567 incidit
1031 2503 1065 2567 in
1086 2522 1156 2570 eum
1180 2498 1275 2593 caliga
1295 2520 1332 2568 ac
1357 2495 1509 2578 tenebra,
1533 2492 1573 2580 ό
1593 2497 1786 2571 'circumiens
1807 2523 1915 2597 qm

588 2588 663 2674 iat,
710 2597 745 2663 ui
755 2591 816 2682 sese
836 2617 931 2664 manu
948 2594 1126 2686 prehensum
1142 2596 1303 2672 ducerem.
1323 2592 1397 2671 Ast.
1412 2616 1570 2684 x111.9.
1590 2618 1642 2670 10.
1665 2618 1722 2674 Π.

635 2687 676 2768 Χ
732 2684 853 2766 xlx
879 2688 967 2766 Non
989 2689 1113 2767 desunt
1133 2694 1197 2794 qui
1219 2692 1291 2769 huc
1312 2690 1461 2768 referant
1485 2700 1610 2789 Virgae
1628 2690 1751 2780 illam,
1779 2693 1828 2772 de
1853 2716 1916 2800 qut

589 2788 856 2867 1Cor.1V.21.
888 2791 976 2886 Qid
997 2791 1122 2866 vultu?
1147 2819 1219 2868 cum
1247 2800 1340 2889 Virga
1370 2799 1495 2865 veniam
1516 2794 1561 2864 ad
1590 2790 1675 2865 vus?
1700 2791 1788 2886 Qua
1811 2794 1857 2872 de
1882 2816 1916 2873 te

587 2885 852 2962 eruditileam
891 2877 1182 2965 Dillertationem
1216 2889 1329 2965 edidit
1360 2887 1426 2966 Vir
1458 2887 1670 2967 Clariffimus
1703 2890 1917 2971 Gariennos

586 2986 799 3070 Senarus,
825 2982 1006 3062 lidillrmus
1027 3010 1068 3063 ac
1098 2987 1314 3064 dulcillrmus
1349 3009 1514 3064 meorum
1549 2992 1761 3066 amicorum.
1816 2992 1915 3073 Certe

586 3084 660 3158 huc
689 3086 864 3181 pertinere
902 3084 1043 3161 ridetur
1070 3087 1232 3186 potestas*
1253 3087 1342 3179 illa,
1406 3109 1459 3162 uae
1494 3087 1680 3186 magnifice
1711 3091 1917 3187 praedicatu

586 3180 756 3262 2Cor.x.
770 3182 852 3257 vers.
871 3206 902 3278 3.
917 3209 953 3282 4.
973 3210 1005 3271 ς.
1020 3196 1053 3262 6.
1081 3186 1143 3261 ubi
1166 3188 1204 3263 in
1232 3185 1309 3262 haec
1329 3111 1437 3261 reaia
1463 3184 1540 3260 finit
1566 3186 1784 3287 Apostolus:
1811 3200 1854 3267 Er
1866 3214 1916 3287 pe·

587 3296 696 3355 ratum
716 3279 853 3354 habenda
872 3308 933 3380 qua
957 3286 1151 3358 vindicemus
1179 3312 1301 3360 amnem
1330 3293 1564 3359 contumaciam.
1614 3285 1800 3366 Nimirum
1826 3312 1917 3369 cete·

588 3377 651 3452 bat
671 3388 759 3452 tunc
782 3375 932 3482 Ecclefia
950 3382 1058 3458 tutela
1083 3382 1224 3461 Politici
1247 3384 1495 3482 Magistratus:
1518 3387 1566 3459 ita
1587 3396 1707 3460 tamen
1732 3408 1824 3465 com

588 3485 634 3551 tae
654 3472 732 3549 sunt
754 3479 959 3555 mortalium
980 3496 1140 3570 mentes,
1167 3498 1226 3569 ut,
1252 3481 1279 3558 fi
1301 3495 1417 3558 terror
1447 3485 1566 3557 omnis
1589 3482 1699 3569 abfit,
1725 3488 1766 3561 in
1798 3510 1826 3565 o
1871 3482 1895 3507 ‘⁰

588 3574 672 3658 vix,
697 3585 757 3648 aut
774 3598 821 3650 ne
842 3579 903 3653 rix
952 3579 1095 3667 uidem,
1122 3582 1299 3658 contineri
1327 3593 1482 3678 queante
1508 3583 1594 3657 hinc
1624 3581 1785 3662 Christus
1822 3589 1917 3691 npn

581 3671 686 3779 ¹llolis
707 3671 773 3748 luis
792 3698 906 3752 conce
947 3691 961 3753 t
1013 3680 1227 3778 rodigiolam
1252 3679 1424 3778 puniendi
1451 3680 1670 3780 potestatem.
1723 3680 1919 3765 Prudenter

347 3816 375 3855 s
438 3818 441 3825 -
587 3773 733 3846 interim
753 3795 772 3846 a
789 3774 939 3852 Calvino
959 3702 1183 3854 oEsematum
1205 3778 1283 3853 eil:
1319 3788 1474 3875 Qaniam
1495 3788 1649 3855 miracula
1680 3801 1721 3856 ut
1745 3787 1918 3878 plurium

403 3896 443 3960 ι,
465 3891 532 3958 Aa,
591 3872 704 3962 Christi
730 3891 879 3947 naturam
904 3879 1019 3975 referre
1037 3877 1207 3963 debebam,
1233 3887 1289 3977 qui
1313 3899 1399 3952 tatus
1417 3880 1573 3953 humanm
1594 3884 1651 3973 esi,
1667 3885 1803 3974 servu,
1830 3886 1917 3963 bene·

405 3982 544 4038 mu·
575 3976 661 4070 ficus
683 3967 930 4066 &miserium
955 3980 1021 4051 ideo
1044 4003 1120 4048 rara
1137 3977 1262 4071 diuerfia
1279 3986 1421 4072 porentia
1442 3980 1577 4071 exempla
1596 3997 1654 4070 per·
1671 3988 1828 4077 Apostolos
1855 3986 1917 4063 εὖ.
1957 4000 1959 4059 :

585 4088 622 4146 ia
641 4073 701 4166 effe.
753 4079 866 4173 Neque
884 4075 1121 4169 putandumst
1148 4077 1206 4149 bac
1228 4084 1369 4169 potestate
1384 4079 1479 4174 fuiil'e
1497 4080 1678 4168 instruiiar,
1703 4093 1828 4182 quaties
1849 4086 1916 4163 itit-
1957 4088 1959 4167 ἶ

585 4187 657 4245 ium
678 4169 747 4265 effer
768 4183 941 4269 quempiam
959 4174 1084 4265 ulciscie
1102 4172 1160 4268 sed
1182 4182 1321 4268 Spiritus
1342 4186 1427 4265 Dei,
1451 4185 1507 4277 qui
1519 4177 1566 4270 fic
1586 4204 1632 4251 ear
1653 4182 1917 4275 artemide·
1957 4226 1959 4269 ;

450 4276 454 4282 ’
584 4270 630 4342 ed
644 4270 758 4342 redum
775 4270 815 4358 (ly
835 4279 864 4343 i'e
880 4279 1006 4346 itimuru
1023 4276 1115 4365 ustam
1134 4274 1265 4349 dicebar
1278 4279 1357 4372 ficit.
1394 4290 1397 4296 '
1957 4304 1959 4325 ¹

402 4382 467 4447 xl„
478 4389 553 4466 Qec
633 4365 723 4444 XL.
750 4368 823 4445 Ubi
850 4300 1028 4469 §ropheta
1044 4384 1118 4446 tam
1136 4372 1325 4450 luculentis
1358 4396 1378 4448 a
1411 4371 1499 4450 Deo
1530 4374 1717 4455 instruitur
1742 4383 1796 4459 est
1825 4386 1915 4467 Μϋ-

400 4465 546 4619 pm
561 4466 741 4609 baroniis,
764 4478 806 4543 ut
824 4466 941 4545 emble
967 4467 1079 4571 ipliue
1108 4476 1353 4573 evenere-jum
1371 4472 1567 4573 aliquoties
1588 4478 1842 4580 responderit,
1863 4488 1915 4565 vel

1870 4950 1888 5025 i
